2864 4800
602 409 815 472 ..38-

149 599 183 661 p.
202 581 243 641 54
262 576 377 642 merito
400 576 462 654 ait,
490 576 645 642 sermonis
666 575 833 641 cottidiani
854 575 1003 660 propria;
1031 576 1120 658 apud
1141 574 1270 640 Cicero·

147 709 221 755 nem
243 692 351 754 exstat
372 685 423 752 ad.
443 687 518 752 fam.
539 687 586 752 IX
609 692 636 766 l,
661 693 676 752 l
710 687 752 752 ‘in
781 708 871 772 spem
898 693 1007 753 tamen
1032 687 1124 753 venio
1151 708 1271 771 appro-

148 800 306 884 pinquare
334 804 426 865 tuum
455 798 646 878 adventum’,
674 797 704 864 d.
729 819 774 864 or.
802 798 905 879 1154,
928 803 989 864 217
1020 797 1214 864 ‘nonnullam
1236 799 1271 863 in

149 932 239 996 spem
260 910 436 993 veneram’3
468 910 556 975 nullo
574 911 646 976 loco
668 911 857 977 cratonum.
900 911 950 976 Ex
978 910 1168 994 aequalibus
1187 909 1271 977 illud

45 1109 48 1118 Ι
149 1023 297 1088 tradunt:
317 1022 439 1088 Balbus
461 1021 505 1088 ad
524 1023 590 1088 Att.
607 1023 654 1087 Ill
675 1027 722 1102 13,
743 1027 761 1088 2
784 1027 965 1106 ‘postquam
987 1043 1100 1088 rursus
1119 1023 1155 1088 in
1177 1043 1271 1106 spem

147 1135 239 1219 pacis
271 1133 362 1215 veni,
395 1133 472 1200 ibid.
503 1133 623 1200 Caesar
651 1141 734 1199 ‘cum
769 1135 803 1200 in
838 1155 929 1219 spem
957 1154 1074 1200 venero
1111 1133 1152 1200 de
1180 1155 1270 1199 com-

147 1245 306 1331 positione
334 1245 458 1331 aliquid
484 1266 536 1311 me
558 1244 741 1327 conficere';
769 1245 889 1312 Caesar
910 1246 940 1311 d.
962 1246 994 1311 b.
1017 1245 1054 1311 G.
1079 1251 1106 1326 l,
1131 1251 1186 1328 183
1208 1251 1270 1326 423

149 1364 178 1439 3,
201 1364 238 1439 63
270 1363 378 1439 7,12;
408 1364 464 1439 30;
492 1356 522 1422 d.
545 1357 576 1422 b.
598 1379 624 1423 c.
650 1363 676 1439 1,
700 1362 750 1423 72.
775 1395 812 1405 -
842 1357 939 1424 Cuius
967 1358 1139 1424 locutionis
1175 1358 1271 1442 quasi

148 1470 345 1536 contrarium
360 1470 481 1536 Brutus
496 1469 648 1554 exprimit
663 1470 770 1535 verbis
792 1476 909 1554 ‘spem
932 1469 1106 1536 abicere'
1129 1469 1171 1535 ad
1193 1468 1209 1533 f
1263 1518 1270 1534 .

149 1581 195 1647 XI
217 1586 306 1660 11,1
335 1586 383 1646 ‘ne
410 1581 451 1646 de
471 1580 591 1647 Planco
618 1581 748 1666 quidem
770 1602 859 1666 spem
882 1581 988 1651 adhuc
1015 1581 1153 1659 abiecit’,
1182 1580 1271 1664 quod

147 1693 206 1759 illa
227 1698 335 1760 aetate
354 1712 418 1758 non
438 1693 501 1758 nisi
519 1693 608 1778 apud
625 1693 811 1761 Ciceronem
828 1694 948 1760 Verr.I
970 1698 1020 1774 22,
1043 1699 1083 1760 59
1106 1691 1196 1759 ‘socii

148 1826 237 1889 spem
259 1825 385 1871 omnem
406 1810 474 1873 tum
494 1807 632 1889 primum
654 1805 843 1872 abiecerunt
863 1805 999 1887 rerum‘;
1021 1804 1109 1890 apud
1128 1804 1271 1871 Balbum

147 1916 190 1983 ad
211 1918 278 1982 lte
298 1917 345 1983 IX
368 1922 385 1981 7
406 1917 443 1997 Β,
465 1922 483 1982 2
507 1915 676 1983 ‘abiectam
698 1917 938 2002 compositionis
961 1918 1059 2003 spem’
1081 1917 1271 1983 invenimus.

249 2029 287 2093 In
306 2027 370 2094 fine
391 2028 487 2094 huius
507 2028 610 2113 partis
631 2029 710 2094 mihi
735 2029 833 2095 liceat
853 2050 959 2114 pauca
978 2027 1078 2099 verba
1099 2028 1208 2095 facere
1228 2028 1272 2095 de

146 2140 324 2207 locutione:
345 2140 614 2224 ‘exploratum
634 2140 813 2207 habere':
836 2141 883 2207 XI
899 2147 948 2220 10,
973 2146 987 2205 l
1011 2142 1195 2224 ‘gratiorem
1216 2162 1271 2207 me

148 2273 219 2318 esse
238 2253 272 2317 in
293 2256 326 2317 te
347 2272 458 2336 posse,
484 2272 582 2337 quam
601 2252 657 2318 isti
677 2253 822 2338 perversi
843 2253 962 2319 sintin
983 2273 1044 2333 me,
1065 2252 1271 2337 exploratum

147 2363 257 2430 habes’
278 2395 323 2418 ==
342 2363 386 2430 du
412 2364 521 2430 weisst
547 2364 661 2431 sicher.
704 2365 795 2433 Haec
823 2365 944 2431 locutio
973 2386 994 2430 a
1024 2365 1176 2431 Cicerone
1202 2365 1272 2448 pri·

147 2497 235 2542 mum
256 2474 514 2560 creberrimoque
543 2476 576 2540 in
604 2477 733 2562 scriptis
760 2476 992 2562 philosophicis
1018 2482 1115 2561 atque
1144 2477 1179 2542 in
1202 2477 1271 2561 epi·

148 2587 257 2668 stulis‚
280 2593 315 2653 at
335 2588 369 2652 in
391 2586 591 2655 orationibus
612 2593 711 2671 atque
732 2589 766 2653 in
788 2588 916 2673 scriptis
938 2589 1089 2655 oratoriis
1109 2608 1272 2671 nusquam

148 2699 294 2766 exhibite
316 2698 441 2766 obtinet
458 2700 522 2765 vim
534 2706 738 2785 praesentem
758 2700 896 2784 ideoque
917 2700 1068 2786 exprimit
1088 2721 1152 2766 non
1173 2700 1271 2780 idem,

148 2811 236 2896 quod
257 2811 449 2896 exploravi,
477 2812 535 2879 cfr.
557 2812 747 2879 Thielmann
768 2812 898 2879 ‘habere
919 2835 946 2879 c.
965 2818 1049 2897 part.
1071 2811 1151 2897 perf.
1173 2813 1270 2897 pass!

147 2923 234 2990 arcln
256 2923 407 3008 lexicogr.
428 2925 460 2991 11
482 2924 544 2991 529
566 2945 590 2990 s.
624 2925 845 3009 'Exploratum
873 2925 1004 2992 habere'
1033 2944 1074 2991 ex
1096 2929 1269 2993 consuetu-

148 3036 222 3102 dine
262 3034 390 3103 dicendi
427 3035 606 3102 cottidiana
645 3036 819 3104 formatum
858 3058 929 3103 esse
973 3038 1076 3103 multa
1113 3037 1272 3103 eiusmodi

149 3147 297 3233 exempla
317 3147 404 3232 apud
427 3148 566 3215 comicos
584 3149 714 3215 inventa
739 3148 864 3215 docent.
907 3149 935 3215 li
957 3168 1085 3232 quoque
1105 3147 1271 3219 Ciceronis

148 3259 315 3343 aequales,
348 3259 405 3343 qni
435 3280 614 3327 sermonem
651 3260 862 3327 cottidianum
895 3261 999 3327 secuti
1025 3264 1116 3339 sunt,
1147 3259 1272 3328 talibus

147 3369 363 3437 locutionibus
384 3370 522 3438 libenter
543 3377 687 3454 utuntur,
715 3372 771 3438 cfr.
792 3373 885 3458 Opitz
906 3373 927 3438 l.
948 3372 969 3437 l.
991 3394 1023 3457 p.
1045 3377 1074 3455 6.
1117 3371 1271 3441 Usitatis·

149 3485 230 3549 sima
250 3488 300 3548 est
322 3482 493 3550 verborum
515 3485 697 3551 consecutio
721 3485 934 3570 ‘exploratum
959 3483 1089 3551 habere‘
1119 3488 1154 3550 et
1181 3485 1272 3568 apud

148 3595 333 3662 Ciceronem
366 3600 399 3661 et
433 3595 520 3680 apud
552 3597 720 3680 aequales3
755 3618 851 3681 quam
885 3597 1005 3663 Brutus
1037 3616 1165 3681 quoque
1196 3595 1272 3663 loco

147 3727 247 3790 supra
268 3705 355 3773 dicto
377 3707 515 3774 exhibet.
558 3710 628 3789 Quo
654 3708 695 3775 ab
723 3730 784 3774 usu
803 3709 915 3775 Cicero
937 3709 1041 3774 tribus
1063 3707 1152 3788 locis,
1174 3709 1270 3776 acati

147 3818 324 3900 1126,ss;
354 3819 458 3901 1142,
489 3819 955 3902 rumunnense,
986 3819 1117 3887 recedit.
1147 3857 1190 3869 -
1217 3819 1273 3886 111-

147 3930 329 4014 spiciendus
351 3936 401 3998 est
422 3930 588 3997 Hellmuth
609 3929 748 3998 ‘Balbus’
770 3954 809 4017 p,
823 3937 872 3998 54.

249 4044 280 4127 e)
303 4043 342 4108 de
364 4042 510 4110 formulis
532 4043 723 4127 quibusdam
745 4045 901 4111 sermonis
924 4043 1101 4110 cottidiani.

249 4154 369 4221 crede
390 4153 504 4220 mihi:
525 4154 571 4219 XI
591 4159 642 4235 20,
666 4161 684 4220 2
715 4162 799 4220 ‘nam
826 4155 866 4220 de
895 4162 951 4221 tuo
982 4154 1142 4239 periculo,
1173 4157 1275 4225 crede

146 4264 234 4346 inihi,
255 4265 430 4335 iactatione
453 4266 625 4334 verborum
655 4272 689 4333 et
718 4267 960 4334 denuntiatione
978 4267 1115 4352 periculi
1136 4289 1275 4353 sperare
