2864 4800
662 431 874 491 ..08-

207 597 362 663 nonnulla
375 599 399 681 1)
431 598 579 681 exempla
606 596 755 662 afferam:
784 599 887 663 Plaut.
920 597 1032 680 Amph.
1054 598 1084 662 11
1108 603 1137 677 2,
1162 603 1239 678 1153
1261 598 1341 662 cist.

206 710 251 776 IV
274 715 302 789 2,
325 715 383 791 873
412 709 506 774 Most
527 709 571 774 Ill
598 714 706 791 1,71;
737 710 818 775 Rud.
841 709 872 775 II
895 715 923 791 7,
948 715 1005 790 14,
1027 709 1125 790 1110,
1148 716 1206 790 363
1236 709 1280 774 IV
1309 715 1340 789 4,

209 827 266 903 383
285 808 412 886 Terent}
437 820 534 886 Andr.
557 821 588 886 lI
611 829 639 901 5,
661 828 697 903 93
721 823 748 888 V
772 827 800 901 2,
821 827 857 902 83
880 822 995 886 Heaut
1016 822 1062 886 111
1085 827 1113 901 2,
1137 828 1186 886 16.
1228 822 1340 905 Scrip-

208 939 296 999 tores
326 939 435 999 autem
457 933 570 1017 optimi
599 933 662 999 boc
691 933 884 999 vocabulum
910 933 1068 999 sermonis
1090 933 1258 999 cottidiani
1281 939 1343 998 aut

208 1045 345 1111 omnino
366 1066 431 1110 non
452 1050 510 1110 aut
531 1065 606 1110 raro
628 1045 805 1130 recipiunt,
835 1050 873 1111 ut
893 1044 1035 1110 Kochler
1053 1044 1110 1111 11.
1140 1068 1171 1130 p.
1195 1050 1258 1112 414
1284 1066 1342 1110 ex·

207 1157 342 1242 posuit..
368 1156 480 1223 Cicero
501 1158 649 1242 exempla
666 1178 773 1242 pauca
794 1156 940 1242 praebet,
963 1157 992 1223 d.
1013 1157 1066 1222 fin.
1090 1158 1117 1223 V
1141 1162 1192 1236 26,
1215 1163 1274 1238 783
1297 1157 1343 1222 ad

209 1271 274 1335 stt.
296 1269 344 1334 111
362 1274 409 1349 12,
434 1275 469 1350 33
492 1269 535 1334 ad
556 1270 630 1335 fam.
656 1275 759 1350 1,1o;
782 1268 855 1336 aliis
871 1269 985 1355 paucis
1000 1269 1089 1334 locis.
1133 1269 1217 1350 Quin
1239 1265 1342 1335 etiam

207 1381 236 1447 is
257 1379 412 1447 adverbia
423 1381 607 1447 huiusmodi
623 1381 786 1466 superflua
800 1383 897 1463 ritat3
920 1403 994 1447 nam
1017 1380 1178 1466 Sulpicius
1200 1381 1243 1447 ad
1265 1402 1341 1447 eum

209 1491 323 1559 scribit
345 1493 388 1558 ad
410 1493 485 1558 fam.
505 1494 550 1559 lv
574 1500 603 1573 5,
626 1498 640 1557 1
674 1494 712 1560 ‘si
732 1494 806 1559 istic
828 1493 1000 1559 affuissem’
1030 1493 1205 1578 respondet
1226 1492 1343 1558 Cicero

208 1604 261 1684 lv,
286 1611 314 1684 6,
339 1610 353 1669 1
381 1611 451 1689 ‘ego
472 1604 595 1683 vellem,
618 1604 785 1671 affuisses'.
830 1605 879 1671 Ex
909 1605 1117 1691 aequalibus,
1147 1607 1203 1690 qui
1220 1605 1263 1670 ad
1287 1605 1342 1671 Gi·

208 1737 357 1781 ceronem
375 1717 531 1802 epistulas
544 1716 712 1799 dederunt,
734 1718 766 1797 ii,
789 1719 845 1802 qui
863 1719 1002 1784 sermoni
1019 1717 1196 1784 cottidiano
1215 1716 1343 1800 aliquid

210 1828 399 1908 concedunt,
421 1829 483 1894 hoc
505 1829 659 1895 adverbio
681 1831 762 1896 satis
788 1851 885 1915 saepe
907 1836 1057 1911 utuntur3
1086 1831 1135 1895 ita
1156 1828 1283 1894 Ocelim
1306 1829 1342 1893 in

210 1938 334 2006 deliciis
355 1940 476 2007 habere
498 1942 652 2022 videtur,
670 1963 746 2007 nam
775 1942 907 2008 exhibet
937 1947 1069 2027 quater:
1099 1940 1141 2006 ad
1165 1941 1240 2006 fam.
1264 1941 1343 2006 VIII

212 2057 240 2132 7,
264 2059 299 2134 13
324 2058 372 2133 10,
388 2059 432 2147 Ι2,
454 2059 491 2134 33
514 2058 562 2134 17,
585 2058 622 2135 23
652 2053 773 2119 formas
795 2074 923 2138 quoque
946 2055 1048 2134 ι10100,
1069 2055 1162 2133 10100,
1185 2052 1289 2118 istinc'
1313 2053 1343 2119 is

211 2164 410 2249 suppeditat,
441 2165 498 2230 cfr.
521 2166 611 2250 Burg
632 2165 686 2230 11.
710 2188 741 2251 p.
766 2171 824 2248 503
854 2165 1002 2232 Vatinius
1033 2166 1075 2231 ad
1104 2166 1178 2230 iam.
1209 2166 1235 2230 V
1270 2169 1342 2244 loa,

212 2283 230 2343 3
253 2276 390 2361 ‘siquid
412 2278 475 2344 erit
497 2278 571 2344 istic
593 2278 692 2363 opus‘.
736 2278 922 2344 cuiusmodi
942 2278 1009 2344 alia
1031 2278 1179 2362 exempla
1198 2276 1343 2343 Koebler

209 2388 266 2454 11.
288 2412 319 2474 p.
335 2395 398 2455 414
420 2391 628 2477 conscripsit;
651 2391 842 2476 inspiciendi
859 2412 988 2475 quoque
1011 2396 1102 2457 sunt:
1124 2388 1254 2456 Ebrard
1277 2395 1342 2457 act.

211 2501 328 2567 Semin.
350 2502 480 2587 Erlang.
503 2503 534 2568 11
556 2525 587 2587 p.
602 2508 673 2585 327,
695 2503 851 2583 Schmun,
875 2503 1000 2569 ‘Vatia‘
1023 2523 1053 2587 p.
1069 2509 1132 2584 423
1151 2502 1344 2568 Thielmano

211 2612 259 2678 Bl.
281 2613 302 2678 f.
326 2613 355 2679 d.
378 2612 468 2699 bayr.
491 2614 604 2700 Gymn.
626 2637 663 2681 w.
685 2637 716 2701 p.
740 2620 811 2681 212.

313 2725 440 2792 lente:
464 2726 510 2790 XI
532 2732 582 2807 20,
611 2731 630 2793 3
658 2726 707 2792 ‘de
731 2728 869 2793 nummis
891 2727 977 2793 lente
1007 2749 1046 2792 ac
1077 2728 1202 2793 ratione
1228 2727 1345 2793 habita

211 2838 369 2921 pecuniae
397 2843 545 2904 senatum
576 2837 616 2904 de
648 2860 687 2904 ea
716 2860 751 2904 re
789 2841 1058 2919 constituturum',
1092 2861 1157 2905 was
1187 2861 1253 2905 nun
1283 2840 1344 2907 das

213 2948 296 3014 Geld
324 2949 464 3032 betrifft,
496 2971 535 3016 so
567 2951 676 3017 wiirde
707 2951 788 3017 iiber
818 2952 929 3017 diesen
958 2950 1066 3017 Punkt
1101 2936 1161 3016 mit
1195 2952 1345 3018 Bedacht

212 3062 352 3148 [sauhte]
375 3062 441 3128 und
470 3068 566 3129 unter
589 3063 899 3148 Beriicksichtigung
929 3062 987 3128 der
1009 3063 1218 3129 vorbandnen
1239 3063 1345 3130 Bear-

212 3174 316 3238 mIttel
333 3173 391 3239 der
406 3174 506 3240 Senat
522 3174 758 3242 beschliessen'.
802 3178 874 3257 Qua
897 3176 930 3241 in
948 3174 1181 3259 significatione
1197 3174 1346 3241 adverbii

213 3285 327 3366 ‘lente',
357 3285 445 3370 quod
475 3289 604 3354 omnino
636 3287 724 3373 apud
752 3288 938 3354 Ciceronem
964 3286 1053 3352 baud
1077 3308 1175 3372 saepe
1196 3286 1346 3370 legimus,

213 3397 395 3483 exemplum
415 3421 514 3465 unum
535 3398 648 3465 eadem
664 3400 732 3466 iere
754 3400 785 3465 vi
806 3398 990 3484 praeditum
1006 3398 1085 3464 mibi
1105 3399 1139 3463 in
1154 3399 1346 3464 memoriam

213 3507 342 3575 incidit:
372 3509 416 3576 ad
446 3513 511 3577 Ast.
539 3511 579 3592 11,
603 3517 671 3594 1,1
703 3519 809 3597 ‘quem
838 3510 900 3577 tibi
929 3532 988 3595 ego
1018 3532 1082 3576 000
1114 3533 1217 3578 essem
1245 3532 1347 3578 ausus

213 3621 359 3702 mittere,
389 3622 451 3688 nisi
480 3644 552 3689 eum
579 3623 665 3688 lente
696 3645 736 3689 ac
764 3624 931 3690 fastidiose
960 3624 1191 3708 probavissem'
1217 3655 1260 3678 =
1289 3622 1345 3689 be·

213 3731 345 3818 d'achtig
367 3732 433 3799 und
455 3735 645 3802 wthlerisch
675 3736 746 3819 gob.
767 3736 798 3801 b.
842 3735 987 3801 Eandem
1007 3741 1116 3801 autem
1131 3737 1195 3801 vim
1219 3735 1348 3801 obtinet

213 3843 294 3910 Illud
316 3845 444 3912 ‘festina
470 3847 566 3912 lente'
595 3848 645 3914 vel
672 3869 789 3932 graece
817 3852 948 3917 ‘cusoria
971 3847 1136 3934 110011ωέ,
1170 3846 1258 3930 quod
1281 3849 1348 3913 Au-

214 3962 309 4041 gusto
331 3979 428 4043 saepe
452 3960 485 4024 in
507 3981 562 4025 ore
585 3967 665 4041 erat,
689 3961 744 4025 cfr.
770 3961 858 4027 Suet.
881 3963 960 4045 Aug.
974 3965 1024 4026 25.
1069 3960 1205 4024 Omnino
1228 3957 1346 4040 ‘lente’,

321 4217 346 4283 1)
365 4215 453 4272 Multa
483 4219 615 4272 eiusmodi
642 4219 769 4289 exempla
796 4238 811 4273 c
836 4219 949 4273 comicis
976 4217 1142 4287 conscripsit
1160 4216 1192 4273 Ο.
1210 4215 1350 4288 Ribbeck,

215 4295 355 4374 ‘Beitrtge
373 4322 422 4360 zur
438 4303 531 4361 Lehre
550 4323 575 4360 v.
595 4305 621 4360 d.
639 4305 733 4362 latein.
752 4303 901 4360 Partikcln’
920 4303 1013 4372 Leipn.
1033 4305 1099 4359 1869
1122 4322 1148 4372 p.
1166 4305 1207 4356 30.
