2864 4800
619 430 829 490 ..6-

163 616 309 660 ceronem
338 595 465 660 litteras
489 596 661 674 dederunt,
694 596 780 660 hunc
808 594 934 660 dicendi
966 617 1058 660 usum
1090 599 1284 677 sequuntur,

162 712 199 773 ut
221 707 347 773 Caelius
377 708 419 772 ad
441 707 516 772 fam.
548 709 621 773 VIII
652 715 680 787 6,
702 715 736 773 4:
770 707 987 772 ‘cohorticula'
999 711 1032 792 1).
1076 707 1168 771 Talia
1189 726 1283 770 voca-

162 818 240 884 bula
261 818 450 884 diminutiva
471 840 568 902 saepe
590 825 665 885 sunt
688 818 786 884 semel
810 818 906 883 dicta.

264 931 505 998 insectatio:
536 932 582 995 XI
606 937 633 1011 l,
660 936 678 994 2
709 934 810 995 ‘tanta
842 935 891 995 est
920 930 1083 995 hominum
1114 928 1286 993 insolentia

163 1048 196 1107 et
223 1043 325 1108 nostri
352 1042 540 1122 insectatio',
573 1064 609 1108 so
639 1062 730 1126 gross
760 1043 805 1107 ist
826 1042 884 1108 der
912 1041 1112 1107 Uebermuth
1138 1040 1203 1105 und
1233 1040 1286 1104 die

162 1153 492 1237 Feindseligkeit
521 1154 580 1220 der
608 1153 782 1219 Menschen
812 1174 913 1237 gagen
943 1176 1012 1218 uns.
1057 1153 1126 1218 Hoc
1157 1174 1286 1237 quoque

162 1287 277 1331 nomen
307 1266 394 1350 apud
417 1288 471 1332 eos
493 1267 548 1350 qui
570 1271 644 1331 ante
665 1266 801 1331 Brutum
832 1267 1032 1351 scripserunt
1058 1266 1110 1330 vix
1132 1267 1286 1349 reperias

163 1378 305 1443 Verbum
326 1383 434 1443 autem
463 1379 633 1444 ‘insectari'
663 1378 749 1461 apud
779 1377 946 1451 Plautum,
976 1377 1174 1455 Ciceronem,
1204 1377 1286 1442 alios

162 1489 225 1553 hac
243 1468 279 1554 'vi
299 1488 480 1574 praeditum
501 1495 615 1554 exstat.
659 1489 752 1554 Unde
775 1491 919 1573 suspicer
942 1490 1129 1554 ‘insectatio’
1154 1510 1283 1573 quoque

163 1601 367 1667 nomentum
389 1602 501 1667 sinon
523 1603 556 1666 in
578 1623 639 1667 usu
664 1601 888 1680 scribentium,
919 1611 954 1665 at
976 1606 1064 1666 certo
1085 1600 1287 1684 loquentium

163 1712 271 1778 fuisse.
315 1712 436 1777 Eodem
457 1713 551 1778 modo
576 1752 617 1760 -
640 1718 677 1778 ut
705 1735 803 1777 unum
831 1713 1010 1797 exemplum
1032 1712 1166 1779 afferam
1190 1757 1229 1768 -
1252 1713 1290 1777 in

164 1830 275 1890 nostra
302 1845 429 1909 quoque
459 1825 570 1909 lingua
598 1846 618 1890 a
647 1845 837 1909 quocunque
865 1825 964 1890 verbo
994 1823 1230 1890 substantivum
1252 1826 1290 1889 in

166 1936 249 2019 ‘ung’
272 1936 381 2001 exiens
402 1936 550 2002 derivare
570 1937 661 2017 licet,
681 1957 744 2021 quo
766 1958 830 2001 non
851 1942 919 2002 tam
940 1937 973 2000 in
996 1936 1166 2001 emendata
1187 1942 1288 2020 atque

163 2047 325 2132 perpolita
347 2049 491 2114 oratione
512 2049 562 2114 vel
582 2048 767 2134 scriptione,
791 2069 887 2132 quam
908 2050 942 2113 in
964 2070 1024 2114 usu
1046 2048 1198 2132 loquendi
1220 2053 1289 2113 cot-

163 2159 287 2225 tidiano
309 2159 359 2224 vel
379 2160 414 2224 in
436 2160 581 2245 epistulis
599 2159 776 2227 scribendis
790 2161 918 2226 utimur.
962 2160 1153 2226 ‘Insectatio'
1171 2182 1291 2225 nomen

165 2273 207 2338 ad
220 2271 423 2361 formandum
445 2272 507 2338 hoc
527 2272 598 2339 loco
614 2274 684 2358 ipso
698 2273 806 2340 nescio
827 2295 869 2339 an
891 2294 928 2338 eo
944 2271 1103 2338 adductus
1126 2273 1176 2352 sit,
1200 2272 1290 2356 quod

166 2382 325 2468 quaedam
364 2386 562 2450 concinnitas
597 2405 670 2450 cum
701 2386 829 2451 nominc
863 2385 1052 2450 ‘insolentia'
1084 2385 1291 2451 antecedenti

164 2494 295 2580 placuit.
339 2496 431 2561 Talia
447 2496 649 2562 substantiva
670 2497 703 2562 in
726 2497 776 2561 ‘io'
790 2497 978 2588 desinentia
991 2497 1137 2580 inprimis
1150 2503 1290 2562 naturae

166 2607 376 2691 epistularum
392 2608 569 2689 convenire,
590 2630 661 2675 cum
676 2630 723 2689 ea,
745 2631 829 2693 quas
845 2608 1035 2694 explicanda
1053 2609 1118 2674 sint
1133 2629 1291 2690 sermone,

165 2719 352 2785 brevissima
390 2721 440 2785 vel
469 2721 712 2801 accuratissime
742 2722 940 2806 exprimant,
971 2721 1080 2786 multis
1111 2722 1179 2786 eius
1211 2744 1291 2788 usus

166 2831 320 2915 exemplis
332 2832 365 2895 in
381 2832 526 2917 epistulis
542 2838 575 2898 et
588 2833 750 2899 Ciceronis
769 2839 802 2899 et
818 2834 1001 2918 aequalium
1015 2833 1244 2899 manifestatur
1254 2834 1291 2919 ²).

167 3101 214 3166 11;
241 3097 367 3152 Scbmalz
391 3097 443 3152 ZS.
469 3118 496 3168 p.
515 3101 580 3166 1073
604 3098 635 3153 P.
653 3086 785 3170 Meyer,
812 3098 864 3154 ‘De
882 3099 1024 3155 Ciceronis
1047 3101 1076 3153 ln
1102 3100 1227 3169 epistulis
1257 3101 1293 3154 sd

164 3183 292 3239 Atticum
310 3184 443 3240 sermone’
466 3184 546 3254 Prgr.
569 3184 711 3255 Bayreuth
730 3188 794 3240 1887
812 3204 839 3255 p.
858 3187 976 3254 37-453
1001 3185 1205 3241 Antibsrbarus
1225 3190 1293 3242 1888

165 3269 182 3325 I
199 3289 226 3340 p.
246 3272 296 3339 35;
325 3271 402 3340 Burg
419 3270 436 3324 l.
451 3271 468 3323 l.
486 3289 513 3340 p.
530 3272 572 3324 42.
607 3269 756 3327 Praeterea
773 3277 837 3326 sunt
854 3272 889 3326 de
906 3272 958 3327 hac
976 3290 1006 3326 re
1023 3273 1188 3342 inspiciendi
1204 3273 1294 3328 libelli

165 3356 208 3410 hi:
228 3355 373 3432 Guariclre,
394 3355 445 3411 ‘De
456 3357 565 3425 linquae
579 3357 698 3426 vulgaris
714 3358 835 3428 reliquiis
853 3377 896 3427 ap.
914 3349 1074 3412 Petrossa
1091 3360 1120 3410 in
1134 3359 1294 3428 inscriptio·

165 3443 246 3498 nibus
271 3443 425 3512 parietas-iis
450 3442 642 3512 Pompeianis,
669 3442 843 3499 Gumbinnae
870 3446 936 3499 1875
961 3462 988 3514 p.
1008 3446 1056 3512 293
1082 3443 1215 3517 Woelflin
1243 3446 1261 3498 l.
1276 3445 1293 3498 l.

165 3547 192 3598 p.
212 3532 268 3583 137.
303 3528 447 3598 Landgraf
461 3530 478 3582 l.
492 3529 510 3582 l.
528 3546 555 3598 p.
573 3531 624 3584 319
631 3549 638 3598 ;
656 3529 841 3598 Kucbner,
859 3530 921 3584 Lat.
940 3530 1032 3585 Crem.
1051 3530 1074 3598 I,
1093 3549 1120 3599 p.
1134 3532 1201 3598 662;
1219 3529 1293 3586 Nae·

166 3613 298 3684 gelsbaeh
316 3615 404 3682 (1881)
422 3612 485 3668 Lat.
504 3614 601 3669 Stilist.
620 3615 637 3686 ξ
654 3618 713 3670 411

283 3700 371 3768 >cu
390 3718 417 3769 p.
436 3703 452 3754 6
472 3718 534 3754 ann.
551 3702 576 3755 2.

272 3787 297 3853 1)
316 3785 393 3854 Burg
410 3786 427 3839 l.
444 3786 461 3839 l.
480 3804 507 3855 p.
524 3788 566 3840 42.

267 3871 974 3943 6111611611.ρ.1.8;Μ6]611.1.ρ.18-22;
994 3873 1203 3928 Schirmerl.l.
1224 3878 1293 3944 p.8;

166 3957 279 4012 Stinner
295 3957 312 4011 l.
328 3957 345 4011 l.
364 3977 391 4028 p.
410 3962 433 4013 7.
450 3962 475 4014 8.
494 3990 527 3997 -
545 3958 620 4013 Rara
644 3964 673 4013 et
697 3959 782 4013 semel
806 3959 881 4013 dicta
899 3960 956 4013 eius
973 3959 1049 4026 modi
1068 3960 1242 4014 substantiva
1260 3978 1294 4016 ex

166 4044 305 4112 prioribus
321 4045 378 4098 Cic.
397 4047 567 4100 orationibus
586 4046 826 4115 conscripserunt:
852 4044 1042 4099 Hellmuth
1060 4044 1156 4099 ‘Prion
1174 4048 1292 4101 oration.

166 4128 224 4182 Cic.
254 4130 360 4198 sermo’,
392 4130 457 4185 Act.
483 4130 615 4185 Seminar.
640 4131 751 4200 Erlang.
780 4130 796 4183 I
824 4133 889 4184 1878
921 4149 947 4200 p.
967 4132 1032 4199 1253
1063 4130 1293 4202 Thielmann,

167 4214 263 4269 Stilist.
289 4214 500 4286 Bemerkungen
526 4235 559 4271 zu
584 4217 638 4271 den
663 4217 888 4286 Jugendwerken
914 4217 1040 4285 Ciceros,
1067 4216 1109 4272 Bl.
1134 4217 1151 4271 f.
1172 4217 1198 4271 d.
1217 4221 1293 4290 bayr.

166 4299 264 4370 Cyrum
282 4319 314 4356 w.
334 4304 401 4356 1880
417 4319 444 4371 p.
462 4303 520 4358 357.
