2864 4800
254 1436 324 1502 Iam
345 1434 437 1501 multi
452 1435 512 1499 viri
528 1434 615 1499 docti
636 1433 670 1498 in
683 1431 788 1499 studio
811 1434 966 1498 sermonis
981 1431 1148 1498 cottidiani
1163 1430 1274 1516 populi

156 1549 291 1614 Romani
308 1569 440 1633 operam
457 1552 730 1630 consumpserunt.
774 1546 931 1611 Nimirum
943 1546 1057 1610 merito
1072 1551 1170 1629 atque
1185 1545 1273 1610 iure:

155 1682 260 1744 neque
277 1661 361 1725 enim
377 1682 394 1725 a
407 1658 510 1745 polita
521 1680 623 1745 saepe
638 1665 669 1723 et
684 1664 812 1743 compta
826 1658 974 1738 dictione,
996 1680 1080 1742 quaa
1096 1659 1130 1722 in
1145 1659 1274 1742 scriptis

151 1774 331 1852 invenitur,
359 1772 415 1837 sed
437 1793 454 1836 e
477 1771 583 1837 verbis
608 1771 791 1836 cottidianis
806 1770 967 1854 cogitandi
990 1770 1179 1854 dicendique
1202 1792 1273 1836 con-

153 1884 290 1950 suetudo
312 1884 422 1968 populi
435 1884 568 1968 propria
581 1883 784 1967 perspicitur.
829 1881 1006 1966 Propterea
1026 1887 1075 1947 est
1092 1882 1273 1957 dolendum,

153 1996 239 2080 quod
268 1995 372 2060 fontes
411 2000 544 2060 manant
574 1995 686 2079 pauci,
722 1993 838 2077 quibus
873 1994 935 2059 hoc
971 1994 1112 2059 studium
1143 1995 1273 2077 irrigari

150 2108 262 2193 possit.
306 2107 510 2172 Uberrimam
532 2106 795 2190 aptissimamque
820 2106 1005 2184 materiam,
1034 2127 1099 2189 qua
1119 2106 1205 2170 hunc
1227 2106 1273 2170 di-

152 2220 244 2285 cendi
262 2241 355 2284 usum
377 2239 621 2302 cognoscamus,
651 2217 810 2302 praebent
832 2218 1002 2302 epistulae,
1025 2239 1108 2301 quae
1130 2239 1169 2282 ex
1192 2220 1274 2282 anti·

151 2334 276 2416 quitata
299 2331 439 2397 traditae
460 2335 550 2410 sunt,
582 2330 698 2414 quibus
725 2335 851 2395 veteres
881 2329 1071 2395 facilitatem
1094 2329 1220 2395 dicendi
1242 2336 1275 2395 et

152 2444 333 2509 socordiam
355 2441 516 2527 quandam
542 2442 762 2507 intermiscere
788 2441 936 2507 solerent.
981 2442 1096 2526 ltaque
1118 2443 1275 2527 epistulae
1323 2473 1325 2475 >

150 2556 296 2640 proxime
316 2555 358 2619 ad
380 2553 513 2619 verbum
536 2555 640 2618 vivum
664 2553 831 2619 accedunt.

254 2666 473 2750 Epistularum
501 2670 628 2746 autem,
662 2686 746 2749 quae
776 2687 814 2730 ex
837 2666 1054 2731 Romanorum
1075 2666 1275 2750 temporibus

151 2778 193 2843 ad
215 2799 273 2843 nos
295 2784 525 2863 pervenerunt,
554 2776 662 2842 nullae
690 2778 816 2861 copiam
845 2778 1028 2843 uberiorem
1056 2778 1177 2843 babent
1206 2801 1275 2844 ver·

151 2891 268 2956 borum
289 2890 561 2982 locutionumque,
583 2910 667 2973 quae
690 2911 729 2954 ex
748 2910 894 2955 sermone
915 2889 1089 2955 cottidiano
1104 2891 1275 2970 fluxerunt,

152 3023 249 3086 quam
268 3001 425 3086 epistulae
441 3002 527 3065 inter
542 3002 726 3066 Ciceronem
746 3001 985 3085 furniliaresque
1006 3002 1154 3066 invicem
1170 3003 1275 3067 datae.

152 3112 273 3193 Quodsi
296 3114 407 3178 Cicero
437 3112 506 3197 ipse
536 3112 615 3177 dicit
642 3112 698 3199 [ad
725 3112 799 3178 fam.
822 3113 869 3177 IX
889 3118 978 3192 21‚1
1012 3114 1176 3197 ‘epistulas
1200 3135 1276 3179 vero

152 3224 336 3291 cottidianis
358 3225 465 3290 verbis
488 3229 597 3290 texere
620 3225 781 3310 solemus’]
808 3225 841 3288 in
869 3224 987 3289 litteris
1010 3225 1187 3290 scribendis
1210 3247 1275 3291 ser·

151 3359 275 3402 monem
308 3336 518 3402 cottidianum
549 3338 672 3417 valere,
710 3337 796 3401 hunc
831 3357 869 3402 eo
905 3335 1018 3401 melius
1048 3357 1277 3420 cognoscemus

151 3448 239 3535 apud
262 3469 317 3514 eos
340 3453 506 3529 auctores,
529 3451 583 3533 qui
607 3450 735 3514 cumin
758 3447 872 3514 studiis
896 3454 971 3532 atqe
994 3448 1196 3514 humanitate
1218 3450 1276 3514 mi·

151 3583 212 3626 nus
234 3561 371 3646 perfecti
401 3581 497 3644 quam
525 3563 636 3626 Cicero
667 3566 790 3640 essent,
820 3561 942 3626 minore
967 3560 1095 3625 dicendi
1117 3560 1277 3645 elegantia

151 3674 199 3738 uti
223 3678 425 3738 consuerant

254 3784 467 3849 Novissimum
496 3790 623 3868 tempus
651 3784 738 3849 baud
766 3805 901 3869 parvum
929 3785 1086 3850 librorum
1107 3807 1276 3852 numerum

152 3898 305 3983 protulit,
337 3897 371 3960 in
399 3896 515 3979 quibus
537 3897 577 3962 de
599 3919 660 3962 usu
682 3897 825 3975 dicendi,
848 3897 900 3961 cui
918 3897 1062 3962 nonnulli
1083 3897 1276 3964 ‘familiares’

152 4009 315 4075 Ciceronis
337 4007 462 4088 lavent,
490 4009 606 4098 agitur.
650 4008 759 4073 Affero
781 4009 906 4074 libellos
929 4009 971 4074 ab
994 4008 1087 4094 Opitz
1100 3995 1156 4095 ¹),
1171 4009 1276 4076 Land-

157 4149 362 4161 ————

255 4216 281 4284 1)
299 4213 332 4268 Ε.
351 4213 472 4284 Opita,
497 4214 568 4283 ‘Quo
596 4231 722 4269 sermone
740 4215 779 4283 ei,
804 4216 851 4284 qni
874 4215 910 4268 ad
927 4215 1089 4270 Ciceronem
1106 4215 1212 4270 litteras
1233 4216 1279 4269 de·

150 4301 262 4371 derunt,
279 4301 321 4355 usi
339 4300 410 4355 aint'.
446 4300 543 4370 Progr.
562 4299 725 4371 Naumburg
744 4320 768 4355 a.
787 4301 814 4355 S.
834 4304 922 4355 1879,

1033 4388 1072 4442 l*

650 4565 927 4688 1539„ss
