2864 4800
555 421 769 484 ..43-

99 587 222 654 Deinde
249 589 312 655 fuit
337 589 371 655 iu
396 609 531 669 numero
560 589 818 669 coniuratorum,
845 589 901 672 qui
928 587 1102 656 Gaesarem
1123 589 1221 653 iuter-

98 699 245 767 ieesruut
267 700 406 785 ideoque
433 700 514 768 illud
542 699 664 768 bellum
679 699 920 784 portaverunt,
953 720 1017 784 quo
1046 700 1166 767 Brutus
1188 705 1222 767 et

98 812 255 879 militares
276 819 310 879 et
330 813 480 897 politicas
504 817 615 896 partes
631 813 705 896 egit
748 813 855 892 Quare
868 810 941 879 lieri
954 812 1070 896 potuit,
1088 815 1129 881 ut
1150 832 1221 879 seu·

98 947 155 991 sus
184 945 259 992 suus
283 925 390 992 verbis
418 929 451 990 et
479 924 673 992 militaribus
697 930 735 992 st
763 923 905 1009 politieis
922 924 1089 1008 explicare
1110 944 1221 992 usaue·

97 1041 212 1103 soeret
253 1036 426 1121 inprimis
447 1035 534 1120 apud
561 1057 634 1102 sum
654 1036 755 1104 rerba
775 1036 931 1104 militaria
951 1035 1138 1120 viguerunt:
1168 1035 1222 1102 hie

97 1147 226 1214 dissuti
248 1169 334 1229 mus,
362 1168 461 1232 quem
487 1148 553 1215 iem
580 1148 698 1215 militia
726 1149 775 1215 ita
796 1147 939 1229 terebat,
967 1147 1055 1231 apud
1085 1146 1221 1215 Brutum

95 1260 206 1327 ueseio
228 1281 271 1327 au
292 1261 500 1327 confirmatus
522 1261 582 1341 sit,
608 1259 699 1344 quod
727 1261 761 1326 iu
780 1258 1005 1328 familiaritate
1025 1264 1125 1343 atque
1146 1280 1222 1324 euu-

96 1372 268 1440 suetudine
290 1372 665 1454 murmurabatur,
694 1371 900 1456 quiquidem
921 1371 1053 1439 retibus
1074 1371 1221 1440 militari

95 1483 160 1551 bus
180 1485 214 1550 in
234 1484 395 1569 loquendo
418 1490 452 1550 et
472 1482 643 1552 scribendo
662 1484 827 1551 utebatur.
869 1484 943 1551 lius
963 1483 1114 1564 emersit,
1136 1483 1223 1566 qued

96 1596 218 1662 Brutus
238 1602 307 1663 tum
326 1597 447 1680 ipsum,
467 1618 539 1663 eum
561 1595 621 1662 has
643 1595 801 1680 epistulas
822 1595 968 1680 scripsit,
995 1595 1030 1663 iu
1051 1599 1223 1679 paratust

97 1707 240 1774 tumultu
260 1707 339 1774 belli
352 1708 544 1774 versabatur
564 1742 609 1761 --
629 1728 703 1773 uem
720 1707 877 1792 plurimus
893 1707 1020 1775 litteras
1042 1727 1084 1774 eu
1104 1707 1221 1775 eastris

96 1818 187 1885 dedit
207 1843 265 1901 *3
294 1819 405 1903 itaque
433 1840 538 1903 neque
566 1820 667 1887 otium
694 1840 799 1903 neque
826 1805 926 1887 auimi
950 1818 1219 1903 tranquillitatem

97 1931 141 1998 ud
160 1931 330 1998 emendate
348 1936 447 2015 atque
467 1931 633 2016 eleganter
655 1930 862 1998 seribendum
883 1931 999 1998 habuit
1015 1951 1125 2015 usque
1145 1951 1220 2016 pro-

97 2042 150 2109 eul
169 2042 260 2124 aufuit,
283 2043 361 2127 quin
381 2044 416 2109 iu
435 2043 562 2110 litteras
578 2043 678 2118 rerba
696 2065 718 2110 e
739 2063 886 2111 serrueue
904 2042 1081 2110 cottidiano
1101 2042 1222 2108 haustu

96 2155 254 2222 insereret
277 2155 332 2221 ¹rel
360 2155 577 2222 locutionibus
605 2155 648 2223 ad
677 2155 777 2222 vitam
809 2156 970 2241 privatam
997 2153 1219 2240 spectantibus

95 2266 246 2333 militaris
267 2266 353 2366 ritae
373 2266 474 2334 rerba
493 2267 689 2335 immisueret
707 2268 875 2354 [uumptui
893 2267 1083 2335 subsistere’
1105 2289 1136 2352 p.
1159 2267 1221 2352 17}

97 2378 225 2445 Pariter
245 2379 344 2446 etiam
366 2379 467 2446 rerba
486 2379 621 2464 politius
650 2380 684 2446 in
710 2380 869 2465 epistulas
889 2380 984 2448 Bruti
1004 2380 1222 2464 irrepserunt:

96 2490 217 2557 Brutus
238 2511 310 2557 uum
331 2491 472 2559 (laesere
493 2490 665 2559 murreus
690 2492 877 2577 respublica
901 2491 1070 2559 labefieret
1096 2500 1221 2558 summo

96 2603 214 2684 studio,
235 2608 273 2669 ut
293 2623 346 2669 res
365 2604 570 2688 optimatium
596 2603 854 2684 administraret,
881 2604 972 2672 risus
993 2609 1051 2670 est.
1073 2639 1114 2655 --
1136 2603 1221 2669 Sans

96 2714 193 2798 quud,
212 2736 299 2799 quse
318 2715 404 2781 iuter
424 2716 562 2782 Brutum
583 2722 618 2785 et
630 2716 818 2783 Cieerousm
837 2716 1031 2797 referuntur,
1049 2716 1086 2783 iu
1108 2715 1222 2800 primis

97 2825 141 2892 ad
160 2847 214 2893 res
233 2825 381 2911 publiuas
401 2827 599 2912 bellieesque
622 2833 780 2913 speutaut

198 2937 245 3004 Ut
264 2938 305 3006 de
320 2939 414 3006 Bruti
429 2961 579 3007 ssruroue
594 2941 771 3007 cottidiano
788 2940 970 3007 distiumius
987 2945 1086 3024 utque
1100 2939 1220 3005 mutius

95 3049 249 3116 iudicium
270 3049 412 3119 ieramus
439 3053 473 3118 iu
493 3052 599 3119 altera
619 3057 715 3136 parte
736 3052 894 3137 quasdem
915 3061 975 3119 res'
990 3051 1219 3137 grammatiuas

96 3161 270 3246 proferam.

95 3516 133 3631 2ξ
171 3517 519 3599 uesrnvrrrotrs
546 3517 746 3620 pultum
777 3517 831 3598 BE
857 3515 1218 3599 prorumpens

213 3635 280 3716 tu
306 3636 393 3723 REM
422 3634 732 3718 termnum
759 3635 1088 3721 trucutentus,

597 3846 669 3951 ¹1.

197 4004 339 4122 Primum
360 4056 401 4122 de
423 4056 628 4141 superlativis
650 4056 843 4141 quibusdam
864 4055 1038 4122 rarissimis
1061 4073 1165 4138 egem.

197 4168 230 4252 a)
252 4167 293 4235 de
312 4167 516 4265 superlativis
538 4168 748 4259 quibusdam,
779 4189 863 4257 quas
889 4167 976 4257 apud
997 4168 1135 4238 Brutum
1155 4165 1220 4253 pri-

90 4300 182 4348 mum
204 4282 342 4346 exstant.
655 4349 657 4354 ,
713 4348 718 4370 ς
782 4326 787 4369 4
874 4363 878 4369 .
942 4362 944 4367 7
