2864 4800
667 420 880 502 ..26-

210 610 370 694 stipendio
393 609 522 692 quidem
546 608 703 674 militibus
716 609 852 673 'reddito
875 608 967 672 duxit
989 598 1022 672 se
1047 598 1256 688 aGadibus’3
1282 606 1343 671 cfr.

210 720 358 787 Schmalz
381 720 401 785 1.
417 720 437 787 l.
459 744 491 806 p.
513 727 564 787 47.
1058 732 1060 737 “

732 978 911 1061 .Ιν.’

313 1168 361 1234 De
382 1168 475 1233 Bruti
497 1167 663 1233 vocabulis
683 1166 973 1250 locutionibusque,
996 1188 1080 1251 quae
1102 1168 1190 1251 apud
1213 1167 1344 1232 Cicero·

209 1302 282 1347 nem
304 1280 419 1365 paucis
440 1278 520 1344 locis
542 1279 703 1362 leguntur.

312 1393 345 1475 a)
368 1391 408 1456 de
430 1390 628 1456 nominibus:

314 1503 541 1569 cantilena:
568 1502 687 1581 11120,
711 1508 729 1566 2
761 1504 804 1568 ‘et
824 1507 926 1566 totam
956 1502 1053 1567 istam
1077 1502 1270 1567 cantilenam
1301 1524 1345 1567 ex

210 1617 273 1681 hoc
291 1615 452 1700 pendere,
475 1614 541 1679 und
563 1614 639 1678 dass
660 1613 729 1678 sich
752 1613 811 1679 das
834 1634 933 1697 ganne
956 1614 1022 1679 alte
1044 1614 1124 1679 Licd
1147 1635 1209 1679 nur
1225 1613 1345 1679 darum

142 1716 147 1724 ⁴
211 1727 320 1794 drehe.
371 1728 442 1791 Hoc
464 1746 592 1810 quoque
615 1731 694 1791 ‘tota
715 1726 779 1791 ista
801 1725 962 1791 cantilena
989 1747 1030 1791 ex
1055 1725 1118 1791 hoc
1138 1726 1267 1810 pendet'
1291 1732 1346 1792 est

211 1863 251 1906 ex
283 1862 344 1906 usu
370 1839 456 1904 vitae
487 1837 683 1903 cottidianae
708 1838 846 1904 dictum:
875 1838 973 1903 utin
1005 1842 1118 1902 nostra
1151 1837 1263 1922 lingua
1298 1837 1344 1903 ad

211 1952 334 2036 aliquid
372 1950 635 2016 contritissimum
672 1949 917 2033 significandum
949 1948 1081 2014 vocibus
1122 1949 1345 2016 usitatissimis

211 2057 286 2122 ‘alte
307 2058 403 2138 nied,
432 2062 534 2127 Leier’
562 2062 698 2142 utimur,
735 2060 782 2126 ita
816 2061 1074 2147 [exprimendum
1104 2061 1147 2126 ad
1176 2061 1277 2147 idem]
1309 2063 1344 2127 in

209 2168 321 2253 lingua
342 2173 459 2238 Latina
480 2194 586 2238 sermo
607 2173 802 2238 cottidianus
824 2173 986 2238 interdum
1017 2194 1133 2238 nomen
1160 2174 1343 2239 ‘cantilena’

211 2281 358 2349 adhibet:
384 2285 455 2351 Ter.
486 2285 613 2350 Phorm.
642 2285 740 2365 1112,
772 2291 812 2351 lo
839 2285 1043 2350 ‘cantilenam
1074 2284 1209 2351 eandem
1243 2287 1344 2352 canis'

211 2416 315 2480 neque
337 2397 449 2463 Cicero
468 2398 530 2463 hoc
544 2397 737 2463 vocabulum
759 2419 799 2463 ex
822 2419 883 2463 usu
899 2398 985 2462 vitae
1000 2397 1196 2463 cottidianae
1210 2397 1345 2464 haurire

211 2508 378 2592 repudiat:
406 2510 449 2574 ad
469 2511 535 2576 Att.
557 2511 573 2575 Ι
598 2515 646 2589 19,
670 2516 689 2577 8
719 2515 765 2575 ‘ut
786 2509 902 2575 crebro
925 2510 1003 2575 mihi
1025 2510 1116 2574 vafer
1137 2509 1193 2575 ille
1214 2509 1345 2577 Siculus

210 2621 392 2687 insusurret
420 2623 615 2688 cantilenam
641 2622 731 2686 illam
754 2622 873 2703 suam’3
904 2622 933 2687 d.
957 2642 1003 2687 or.
1025 2622 1041 2686 Ι
1063 2627 1113 2702 23,
1138 2628 1197 2688 105
1228 2628 1345 2705 ‘neque

211 2754 251 2797 ex
274 2733 392 2799 scholis
415 2733 608 2800 cantilenam
638 2734 826 2817 requirunt’.
848 2735 982 2812 -Qua
1012 2754 1052 2798 ex
1078 2735 1208 2799 notione
1230 2735 1345 2800 ‘canti-

210 2844 293 2910 lena’
314 2866 412 2930 saepe
433 2866 498 2910 non
518 2845 773 2929 longe-discedit
796 2867 817 2910 a
839 2847 967 2911 nomine
990 2845 1131 2925 ‘fabula’,
1153 2845 1241 2930 quod
1263 2868 1344 2929 quo-

211 2979 274 3040 que
296 2958 330 3022 iu
352 2978 499 3023 sermone
530 2958 707 3024 cottidiano
733 2959 889 3023 usitatum
912 2964 977 3039 est:
1007 2957 1095 3022 velut
1123 2958 1187 3023 Cic.
1210 2958 1252 3022 ad
1276 2962 1343 3024 Att.

213 3074 262 3149 13,
286 3074 343 3150 34;
368 3070 478 3135 Senec.
505 3091 554 3153 ep.
578 3075 628 3150 24,
652 3075 680 3134 6.
732 3068 794 3134 cu.
824 3070 865 3135 de
895 3068 1023 3134 nomine
1052 3069 1231 3135 ‘cantilena'
1263 3070 1344 3136 Otto

211 3180 267 3245 1.1.
288 3203 319 3266 p.
344 3186 402 3262 733
428 3181 468 3246 de
488 3182 616 3247 nomine
638 3181 768 3248 ‘fabula'
791 3181 869 3247 Otto
891 3181 945 3245 1.1.
968 3204 998 3265 p.
1026 3185 1101 3262 1063
1132 3181 1220 3265 Burg
1241 3204 1272 3266 p.
1291 3189 1343 3248 46.

210 3291 394 3373 -Aliam,
424 3294 481 3359 sed
508 3293 823 3378 pervulgatissimam
853 3294 917 3358 vim
948 3293 1123 3377 scriptores
1143 3293 1345 3376 posteriores

210 3403 319 3484 verbo,
339 3405 427 3488 quod
448 3411 499 3471 est
512 3406 682 3486 cantilena,
704 3403 874 3485 attribunt,
897 3426 970 3471 cum
991 3405 1054 3470 hoc
1067 3405 1196 3470 nomine
1210 3411 1345 3471 cautum

209 3518 411 3582 notissimum
435 3518 626 3600 significant,
649 3518 737 3584 velut
759 3518 839 3583 Gall.
853 3518 900 3583 IX
922 3523 952 3596 4,
977 3522 1032 3598 14,
1053 3517 1131 3581 XIX
1154 3523 1182 3596 9,
1203 3524 1242 3597 8,-
1265 3519 1345 3583 Am·

210 3628 296 3694 bros.
332 3630 363 3695 d.
402 3628 455 3694 off.
486 3631 517 3709 Ι,
541 3635 596 3710 24,
628 3636 704 3711 114;
740 3631 822 3695 conf.
855 3631 933 3713 Aug.
963 3634 1013 3707 10,
1041 3633 1090 3694 33.
1143 3629 1245 3694 Porro
1277 3629 1345 3696 huc

212 3746 339 3824 spectat
368 3741 492 3825 Apulei.
513 3741 583 3806 flor.
609 3748 647 3808 12
682 3742 796 3807 ‘denuo
824 3742 942 3827 repetit
970 3741 1104 3805 candem
1127 3740 1344 3823 cantilenam,

212 3873 276 3936 quo
302 3852 374 3918 loco
395 3853 574 3918 ‘cantilena’
604 3854 772 3919 ridiculam
795 3855 859 3919 vim
880 3853 1204 3939 [Papageisingsang]
1232 3852 1344 3919 habet.

314 3966 594 4049 conspiratio:
616 3966 663 4031 XI
687 3971 756 4046 l3a‚
780 3974 798 4032 5
828 3971 874 4031 ‘ut
904 3987 1002 4050 quam
1022 3965 1221 4050 paratissimi
1243 3969 1277 4030 et
1299 3966 1344 4032 ab

211 4077 357 4142 exercitu
376 4078 574 4162 reliquisque
603 4078 701 4144 rebus
728 4099 788 4164 pro
810 4084 918 4143 vestra
940 4078 1045 4144 salute
1068 4082 1182 4143 eontra
1202 4077 1344 4143 scelera-

210 4189 368 4253 tissimam
407 4191 677 4275 conspirationem
715 4189 856 4255 hostium
887 4190 1116 4274 confligamus',
1144 4189 1247 4253 demit
1275 4190 1343 4271 wir,

212 4300 420 4373 hiusichtlich
442 4301 498 4370 des
520 4301 643 4371 Heeres
664 4302 730 4370 und
759 4301 840 4370 aller
860 4302 997 4387 librigen
1019 4300 1261 4366 Erfordernisse
1284 4307 1344 4385 gut
