2864 4800
592 385 646 466 4-
683 408 729 482 er
773 444 816 467 -·

148 614 188 658 ex
211 591 349 658 inventis
371 589 457 675 apud
479 591 621 673 tragicus
649 596 683 656 et
711 589 849 662 nomicos
876 585 1037 672 exemplie’
1060 587 1127 653 hie:
1158 584 1277 652 Paeur.

149 709 206 769 121
232 703 324 787 frgm.
348 701 442 767 Ribb.
464 702 479 767 l
507 702 628 769 ‘Delion
655 723 755 768 unum
776 679 875 785 pecus
896 703 963 784 egi,
984 699 1059 765 inde
1080 699 1124 764 ad
1145 697 1279 765 stabula

145 817 228 882 haee
249 814 346 880 itiner
367 813 512 895 centuli’3
540 814 687 881 eimiliter
716 812 852 898 legimus
877 811 965 897 apud
987 812 1137 878 Plautum
1158 810 1278 875 Pseud.

145 928 177 993 lI
201 933 230 1008 l,
256 931 294 992 17
318 925 439 991 ‘confer
463 925 599 1010 gradum
615 931 730 992 eontra
751 924 894 1010 pariter,
916 925 1004 1008 apud
1020 923 1188 991 Afranium
1212 928 1277 988 372

146 1040 238 1124 frgm.
263 1037 358 1104 Ribb.
380 1037 411 1103 II
427 1038 532 1103 ‘homo
549 1038 741 1103 mulierosus
754 1036 880 1102 confert
901 1057 952 1101 me
963 1036 1038 1102 iliee
1055 1035 1137 1102 alin'.
1182 1035 1279 1100 Eius-

145 1151 218 1217 dem
241 1150 329 1217 modi
351 1155 449 1234 atque
472 1150 559 1234 apud
582 1150 719 1215 Brutum
743 1149 841 1214 etiam
860 1148 947 1233 apud
968 1149 1154 1214 Ciceronem
1175 1169 1278 1214 unum

146 1263 327 1348 exemplum
352 1260 503 1345 legimns:
532 1261 574 1327 ad
603 1263 667 1328 Att.
695 1262 742 1326 111
771 1267 791 1326 4
825 1261 945 1327 ‘statim
976 1259 1039 1326 iter
1068 1258 1279 1326 Brundisium

145 1395 257 1441 versus
280 1373 419 1439 eontuli’.

248 1485 477 1551 deterrere:
500 1485 546 1550 XI
571 1491 660 1566 11‚2
691 1485 787 1568 ‘quod
811 1505 863 1549 me
890 1483 931 1550 de
959 1488 1048 1550 statu
1076 1504 1149 1550 meo
1178 1483 1279 1548 nullis

147 1597 348 1664 contumeliis
369 1597 536 1663 deterrere
556 1597 711 1683 possunt,
741 1597 816 1662 daee
845 1617 920 1662 man
947 1597 1033 1662 mich
1056 1595 1159 1662 durch
1180 1594 1278 1660 keine

148 1712 207 1776 Art
224 1708 515 1794 ‚Verunglimplung
536 1730 595 1775 aue
616 1709 739 1777 meiner
753 1708 899 1791 Stellung
921 1731 958 1774 zn
973 1708 1174 1792 verdriingen
1190 1709 1279 1793 [ver-

146 1822 342 1907 echenehen]
372 1842 512 1906 vermag.
560 1821 631 1888 Hoe
659 1840 788 1906 quoque
817 1821 992 1886 ‘deterrere
1024 1820 1064 1886 de
1091 1819 1202 1903 aliqua
1230 1819 1278 1883 re'

147 1934 302 2018 originem
324 1955 342 1999 e
364 1954 513 2000 sermone
536 1933 712 2000 cottidiano
741 1933 845 2012 dueit;
877 1931 934 1996 efr.
956 1931 1060 1997 Plaut.
1082 1932 1169 1998 Trin
1191 1932 1222 1997 Π
1246 1938 1278 2010 4,

148 2052 208 2114 159
239 2046 289 2112 ‘de
318 2066 398 2130 agro
426 2065 486 2129 ego
517 2045 604 2111 hune
636 2065 746 2112 senem
773 2043 937 2124 deterrui,
968 2044 1021 2109 ich
1050 2043 1136 2110 habe
1164 2043 1279 2109 diesen

146 2158 240 2224 Greia
259 2179 333 2225 vem
351 2157 458 2223 Aeker
473 2157 693 2225 verseheueht.
738 2156 851 2223 Cicero
870 2176 969 2222 unum
990 2156 1147 2223 eiusmodi
1169 2176 1279 2221 exem·

145 2271 235 2356 plnm
257 2269 403 2336 exhibet:
425 2269 465 2335 de
487 2271 582 2336 divin.
604 2271 636 2337 11
658 2275 708 2350 39,
733 2276 770 2335 81
794 2267 905 2334 ‘Stoici
928 2268 969 2333 de
989 2269 1151 2334 sententia
1170 2267 1278 2333 deter-

146 2383 279 2463 rentur',
309 2382 361 2447 die
393 2381 522 2448 Steiker
550 2380 679 2450 werden
708 2401 770 2447 von
796 2380 884 2447 ihrer
904 2381 1040 2446 Aneieht
1066 2378 1278 2464 abgebranht.

147 2495 283 2579 Saepius
311 2495 453 2559 decurrit
481 2495 656 2561 ‘deterrere
685 2493 728 2563 ab
766 2492 876 2576 aliqua
904 2492 959 2558 re'.
1003 2493 1124 2570 Tamen
1153 2489 1279 2574 aliquid

148 2606 258 2673 differt
286 2606 371 2671 inter
401 2606 575 2672 ‘deterrere
605 2606 655 2672 de'
685 2612 719 2672 et
740 2605 915 2671 ‘deterrere
938 2604 982 2670 a’:
1015 2604 1096 2669 illud
1125 2603 1280 2688 exprimit

148 2718 288 2803 aliquem
310 2717 424 2803 repelli
450 2719 609 2784 removeri
631 2718 672 2785 ab
696 2718 806 2803 eliqua
827 2738 879 2797 re,
909 2737 1006 2801 quam
1027 2715 1189 2801 possedit;
1214 2715 1279 2780 hoe

148 2830 310 2914 signifieat
330 2829 471 2914 aliquem
494 2830 598 2897 areeri
618 2831 661 2897 ab
687 2831 863 2914 aliquare,
885 2831 918 2894 in
941 2850 1038 2913 quam
1052 2828 1206 2894 invadere
1228 2828 1279 2893 in·

148 2943 262 3008 stituit.
285 2979 325 2989 -
356 2941 539 3009 ‘Deterrere
570 2943 681 3026 aliqua
701 2942 752 3026 re’
780 2946 889 3007 exstat
914 2941 1003 3007 velut
1030 2940 1116 3028 apud
1146 2939 1279 3005 Sallust

19 3125 21 3129 ,
146 3054 214 3138 Ing.
235 3059 286 3134 98,
309 3060 327 3119 5
354 3052 432 3138 [det.
454 3055 608 3141 proelie];
631 3054 717 3140 apud
740 3054 853 3120 Horat.
875 3053 906 3119 d.
931 3074 976 3119 ar.
999 3059 1084 3138 poet.
1103 3056 1163 3119 392
1188 3052 1279 3137 [eae-

147 3164 242 3232 dibue
265 3171 298 3232 et
319 3165 406 3233 victu
427 3166 523 3233 foedo
546 3166 633 3252 det.].

249 3278 540 3362 interpellare,
561 3279 792 3363 quominus:
815 3277 926 3358 lilio,
947 3283 963 3343 l
986 3275 1195 3362 interpellent
1216 3296 1293 3356 me,⁴

148 3390 318 3474 quominus
340 3390 518 3457 honoratus
540 3392 610 3472 eim,
634 3390 710 3457 dum
731 3410 771 3456 ne
792 3388 1008 3474 interpellent
1030 3389 1202 3471 quominus
1224 3410 1281 3454 ree

147 3501 279 3587 publiea
313 3523 333 3568 a
370 3523 421 3568 me
461 3503 628 3569 commode
667 3502 886 3569 administrari
917 3501 1039 3586 possit,
1073 3505 1189 3584 mdgen
1231 3501 1281 3566 eie

147 3613 345 3680 meinethalb
375 3635 477 3699 gegen
506 3613 843 3698 Ehrenbezeugnngen
880 3613 934 3679 fiir
961 3613 1048 3679 mieh
1076 3612 1281 3698 Einepraehe

147 3725 301 3807 erheben,
323 3747 413 3791 wenn
436 3727 482 3792 sie
499 3748 539 3809 ves
562 3749 623 3793 nur
647 3727 738 3792 nieht
758 3726 905 3811 dagegen
928 3726 1026 3806 thun,
1060 3725 1136 3792 daee
1164 3725 1219 3790 ieh
1246 3727 1280 3791 in

148 3837 206 3903 der
227 3837 433 3923 Verwaltung
455 3838 513 3904 der
543 3839 706 3925 Republik
733 3844 810 3924 gnte
840 3839 972 3905 Dienete
1000 3860 1040 3904 zu
1067 3838 1184 3904 leieten
1206 3861 1281 3906 ver·

147 3954 249 4034 mdge.
300 3951 348 4015 De
375 3950 609 4034 significatione
642 3951 853 4037 ‘Einepraehe
880 3951 1034 4030 erheben‚
1063 3950 1281 4034 verhindern'‚

148 4083 245 4146 quam
273 4062 336 4127 vim
366 4062 499 4128 verbnm
530 4063 755 4148 ‘interpellare'
784 4063 835 4127 hie
867 4062 947 4129 loeis
980 4062 1119 4142 obtinet,
1148 4067 1281 4130 tantum

147 4174 226 4239 mihi
248 4174 540 4241 adnotandumeet
560 4175 645 4240 hane
667 4176 830 4241 notionem
858 4173 900 4240 ab
925 4195 987 4240 neu
1008 4175 1153 4260 priorum
1176 4177 1296 4262 eerip··

147 4292 277 4368 terum.
293 4287 379 4372 apud
401 4283 490 4371 quoe
509 4287 572 4353 hee
594 4287 729 4355 verbum
752 4288 881 4354 omnino
903 4288 984 4354 eatis
1006 4304 1083 4352 rare
1104 4289 1283 4373 reperit-ur,
1349 4351 1352 4356 .
