2864 4800
550 416 765 482 ..31-

92 588 164 655 dem
187 587 352 657 sententia·
368 589 515 673 ‘pessime
536 589 693 674 accipere'
715 588 749 654 in
770 589 861 654 illum
883 610 923 655 ex
938 610 1085 655 sermone
1099 595 1223 656 castro-

91 723 162 766 rum
196 701 344 781 influxit3
378 721 453 770 nam
482 701 661 772 invenimus
696 700 776 767 illud
811 723 872 785 pro
904 702 1042 767 termino
1075 701 1223 767 technico

90 814 186 879 huius
210 813 366 878 sermonis
386 844 430 866 =
451 811 629 884 ‘conficere'
659 812 747 898 apud
769 813 906 881 Brutum
925 813 988 884 hoc
1008 813 1096 893 loco,
1127 835 1222 898 quem

90 924 220 1009 protuli,
245 922 333 1009 apud
344 924 517 990 *Lentulum
533 924 584 999 ad,
601 924 676 990 fam.
683 925 745 996 XII
755 930 832 1005 14,4
847 925 890 990 ‘in
905 925 1121 1010 oppugnando
1139 925 1223 994 male

91 1036 270 1121 acceptus’3
300 1036 388 1120 apud
417 1036 575 1121 Nepotem
608 1037 700 1102 Eum.
723 1041 789 1114 8,l
821 1037 1027 1120 ‘Antigonum
1057 1036 1142 1102 male
1170 1059 1222 1102 ac·

91 1153 220 1233 ceptum
248 1149 282 1213 in
312 1147 452 1213 Mediam
479 1148 657 1213 hiematum
687 1149 793 1231 coegit
813 1148 948 1230 redire’;
976 1149 1049 1214 aliis
1070 1148 1160 1214 locis.
1180 1187 1223 1201 -

90 1261 198 1325 Etiam
221 1259 333 1325 Cicero
354 1260 388 1324 in
409 1260 449 1323 iis
471 1259 573 1340 libris,
595 1260 630 1324 in
652 1259 770 1343 quibus
792 1260 834 1325 ad
856 1260 1048 1325 familiarem
1068 1260 1221 1344 loquendi

91 1371 354 1437 consuetudinem
377 1371 553 1451 descendit,
575 1372 638 1437 hac
659 1371 823 1437 locutione
842 1372 954 1452 utitur,
970 1371 1059 1437 velut
1079 1373 1112 1437 in
1131 1374 1226 1446 Verr,

90 1483 1087 1565 lmmfflmmfflmmmmfflma

193 1596 464 1669 committere:
495 1595 542 1660 XI
566 1599 653 1670 20,l
686 1602 731 1662 ‘ae
765 1617 829 1661 non
865 1616 935 1661 esse
968 1597 1222 1678 commissurum,

90 1713 128 1773 ut
149 1708 220 1773 tolli
241 1709 360 1793 posset'
384 1729 420 1772 er
434 1706 544 1772 wiirde
562 1728 597 1772 es
615 1707 705 1773 nicht
723 1707 821 1779 dahin
839 1707 989 1774 kommen
1006 1707 1124 1789 lassen,
1146 1709 1230 1781 dass,

89 1820 156 1885 ihm
179 1819 394 1903 fortgeholfen
416 1818 525 1884 wiirde
549 1820 599 1904 [er
620 1840 679 1884 ans
702 1819 775 1885 dem
801 1821 896 1903 che
918 1824 1068 1903 gertumt
1088 1819 1219 1905 wiirdc]¹

91 1933 153 2010 Qui
177 1932 267 1997 verbi
290 1931 510 1997 ‘committere'
540 1952 619 1996 usus
648 1931 736 2016 apud
755 1931 940 1997 Ciceronem
962 1931 1051 1996 haud
1073 1932 1120 1997 ita
1142 1952 1218 1997 raro

90 2043 218 2109 obviam
239 2043 286 2124 fit,
304 2043 366 2114 cfr
387 2043 540 2126 Draeger,
563 2043 656 2109 ‘Hist
672 2043 782 2127 Synt’.
805 2043 836 2108 II
854 2065 885 2128 p.
906 2048 977 2109 251.
1000 2080 1043 2093 -
1065 2043 1223 2127 Sequenti

79 2155 123 2237 ¹in
142 2155 349 2241 paragrapho
373 2155 494 2221 Brutus
516 2154 615 2220 verbo
635 2155 751 2226 ,eodem
771 2155 883 2235 utitur,
905 2160 943 2220 ut
957 2156 1119 2240 exprimat
1140 2162 1220 2221 ‘ver-

90 2266 256 2333 schulden'
285 2266 336 2332 vel
373 2265 499 2332 ‘Fehler
534 2265 690 2346 machen',
718 2266 764 2332 XI
792 2271 843 2346 20,
873 2271 909 2332 2:
947 2267 1222 2334 ‘committendum

89 2379 231 2446 nondum
251 2379 380 2464 putavi,
409 2378 501 2462 prius
528 2383 566 2443 ut
589 2377 687 2462 Alpes
708 2378 969 2461 transgrederer,
998 2400 1112 2463 quam,
1143 2379 1221 2462 quid

89 2491 169 2578 istic
186 2496 347 2577 ageretur,
370 2489 505 2567 scirem’,
527 2489 581 2554 ich
595 2489 729 2573 glaubte
751 2490 813 2555 den
829 2490 945 2555 Fehler
963 2490 1054 2556 nicht
1076 2490 1221 2574 begeheu

89 2625 129 2668 zu
149 2603 276 2683 diirfen,
298 2602 351 2668 die
364 2601 467 2687 Alpen
489 2601 601 2666 friiher
622 2624 662 2666 zu
676 2601 929 2683 iiberschreiten,
952 2601 1000 2668 als
1021 2602 1072 2667 bis
1092 2603 1146 2668 ich
1168 2603 1221 2668 die

91 2715 262 2799 Vorg'ange
290 2714 343 2780 bei
371 2714 454 2779 euch
488 2716 522 2778 in
550 2713 736 2798 Erfahrung
770 2715 928 2798 gebracht
956 2715 1057 2780 hiitte.
1107 2714 1221 2781 Sermo

90 2827 286 2892 cottidianus
309 2825 438 2910 quidem
460 2864 503 2876 -
525 2832 563 2892 ut
583 2828 650 2891 iam
670 2849 702 2912 p.
718 2832 774 2908 123
804 2833 843 2892 14
865 2826 1047 2893 notavimus
1072 2865 1105 2874 ..„
1132 2833 1222 2898 amat

89 2939 200 3023 paullo
221 2944 295 3023 post
317 2939 451 3004 verbum
473 2939 559 3004 idem
581 2938 647 3004 alia
669 2945 767 3023 atque
790 2944 866 3004 ante
888 2940 919 3003 vi
936 2937 1121 3023 praeditum
1142 2940 1220 3005 iter·

90 3072 156 3116 are.
177 3088 221 3098 —
242 3049 322 3130 Hoc,
345 3071 441 3134 quem
458 3055 508 3130 20,
532 3056 550 3115 2
574 3051 806 3134 cognoscimus,
828 3072 890 3117 usu
904 3051 995 3116 verbi
1009 3051 1229 3117 ‘committere

89 3163 211 3228 Brutus
227 3161 397 3245 significat,
414 3162 493 3245 quid
507 3163 659 3228 momenti
677 3167 776 3245 atque
793 3162 946 3247 ponderis
967 3163 1001 3227 in
1017 3168 1221 3246 transgressu

90 3275 220 3358 Alpium
241 3273 385 3340 collocet
430 3274 643 3351 Similiterut
664 3275 785 3340 actioni
801 3279 985 3340 structurae
1007 3274 1219 3359 dependentis

89 3387 244 3452 maiorem
261 3387 455 3470 grauitatem
468 3387 622 3471 imponat,
644 3386 764 3452 Caesar
786 3385 900 3452 cadem
919 3386 1081 3454 locutione
1101 3386 1220 3457 utitur:

89 3497 120 3563 d.
140 3499 171 3564 b.
195 3499 232 3564 G.
254 3499 332 3563 146
355 3503 473 3563 ‘tamen
496 3498 760 3564 committendum
788 3520 853 3563 non
873 3498 1028 3582 putabat,
1058 3503 1096 3563 ut
1116 3499 1219 3583 pulsis

87 3609 238 3677 hostibus
258 3611 323 3676 dici
345 3610 474 3695 posset'.
518 3610 641 3675 Eodem
662 3610 758 3675 modo
779 3609 890 3676 Cicero
910 3631 1041 3695 quoque
1064 3610 1126 3685 hoc
1148 3630 1230 3685 verr

88 3722 168 3787 bum
192 3721 334 3802 adhibet,
358 3720 509 3786 velutad
534 3720 609 3786 fam.
630 3722 677 3786 111
700 3728 730 3802 9,
752 3726 781 3802 3,
802 3721 834 3786 d.
857 3720 909 3786 off.
931 3722 963 3788 11
987 3727 1035 3801 14,
1057 3727 1106 3802 50,
1127 3722 1234 3789 creba

88 3835 156 3899 rius
170 3839 288 3898 autem
320 3833 369 3912 ad¹
383 3833 468 3898 idem
499 3833 742 3918 exprimendum
762 3831 896 3898 verbum
918 3831 1044 3899 ‘facere'
1070 3835 1233 3919 *usurpat*

88 3944 375 4012 velutadfam.l
399 3944 957 4027 7,1;111>c,1;incat.1113‚r;
980 3944 1217 4027 ureniana

192 4056 402 4124 conferret
424 4057 470 4123 XI
493 4062 564 4137 l3a,
587 4063 607 4121 4
637 4063 816 4138 ‘meumque
837 4057 901 4121 iter
923 4077 961 4125 eo
984 4057 1124 4137 contuli',
1151 4059 1219 4124 und
1230 4099 1235 4118 ι,

85 4168 141 4233 ich
170 4167 308 4248 richtete
338 4169 463 4233 meinen
493 4167 623 4241 Marsch
652 4166 759 4232 dahin.
805 4168 905 4246 Quem
934 4168 1026 4233 verbi
1051 4169 1232 4244 ‘conterre'

86 4301 220 4362 usume
243 4300 389 4360 sermone
410 4282 497 4359 ritae
526 4280 722 4359 cottidianae
753 4279 957 4365 desumptum
984 4301 1065 4377 esee!
1080 4288 1234 4364 apparet,-
