2864 4800
604 411 819 473 ..52-

146 576 289 662 grapho:
322 577 479 662 {milites}
510 582 543 641 ct
573 581 667 643 orare
700 585 892 662 coeperunt,
929 583 966 644 ut
995 578 1187 644 Pollentiam
1216 578 1281 642 iter

105 684 106 687 '
144 689 311 755 facerent.
339 727 382 737 —
411 688 559 772 Utroque
586 689 659 755 loco
687 711 884 773 quamquam
915 691 1008 755 initio
1037 689 1175 756 actionis
1209 690 1280 775 [pe

147 801 247 882 tendi,
269 799 398 886 orandi]
419 821 460 866 ne
481 801 648 866 minimum
669 800 798 884 quidem
815 802 984 885 maritate
1000 801 1180 868 attribuere
1201 803 1280 881 vult

147 913 269 979 Brutus
288 911 423 978 verbum
443 912 554 996 ‘coepi’
578 934 651 978 cum
664 912 830 980 infinitivis
851 920 965 996 ‘orare
985 914 1106 999 petere’
1129 934 1193 998 pro
1205 935 1280 998 per·

148 1026 242 1092 fectis
263 1024 379 1090 horum
402 1023 575 1091 verborum
595 1025 695 1110 ponit.
740 1026 844 1106 Quam
873 1025 1159 1092 circumscribendi
1180 1026 1280 1090 ratio·

147 1159 220 1202 nem
242 1135 409 1202 Hellmutb
431 1135 556 1202 ‘Galba’
582 1159 617 1220 p.
632 1142 682 1203 28
710 1138 827 1202 merito
857 1142 956 1221 atque
984 1138 1056 1203 iure
1084 1159 1157 1203 cum
1180 1136 1281 1202 verbo

146 1250 181 1314 in
213 1255 325 1315 nostro
355 1269 502 1314 sermone
532 1247 709 1314 cottidiano
724 1250 947 1316 *usitatissimo
976 1249 1076 1315 ‘thun'
1102 1254 1281 1334 comparat

147 1361 242 1427 Illum
260 1360 351 1426 verbi
368 1360 478 1445 ‘coepi’
500 1382 595 1426 usum
612 1381 652 1425 ex
668 1360 899 1427 consuetudine
916 1361 1095 1427 cottidiana
1110 1382 1280 1429 emanasse

148 1474 213 1539 iam
236 1494 275 1539 eo
298 1478 452 1557 apparet,
483 1472 571 1556 quod
599 1472 687 1557 apud
718 1473 904 1539 Terentium
930 1475 966 1552 in
995 1493 1143 1539 sermone
1173 1473 1284 1539 servili

149 1589 269 1651 exstat:
290 1584 407 1651 Heaut.
430 1585 445 1649 1
469 1591 496 1663 1,
519 1590 578 1665 453
601 1591 651 1649 47.
695 1585 845 1651 Ceterum
866 1586 964 1651 etiam
986 1586 1073 1671 apud
1093 1585 1282 1652 Ciceronem

148 1698 202 1763 hic
225 1695 354 1762 dicendi
375 1718 453 1762 usus
476 1695 604 1762 obviam
626 1695 664 1761 fit
692 1702 791 1780 atque
820 1697 848 1762 is
874 1698 1040 1782 inprimis
1062 1698 1096 1763 in
1117 1696 1284 1782 prioribus

150 1807 361 1888 orationibus,
383 1808 440 1873 cfr.
462 1808 630 1874 Hellmuth
660 1808 720 1874 ‘Pn
744 1809 807 1875 Cic.
830 1810 921 1876 orat’
942 1831 974 1894 p.
997 1815 1059 1876 453
1072 1833 1112 1891 1.;
1141 1810 1284 1874 maxime

151 1926 260 1986 autem
282 1921 369 2003 viget
391 1920 478 2003 apud
504 1925 671 1986 auctorem
698 1920 776 1986 belli
806 1921 1047 2006 Hispaniensis,
1077 1921 1134 1987 cfr.
1155 1922 1283 2004 Degen-

149 2033 253 2114 hartp
273 2033 338 2098 ‘De
354 2033 497 2099 auctoris
527 2032 605 2098 belli
627 2033 718 2116 Hisp.
742 2033 922 2098 elocutione
949 2038 985 2098 et
1013 2033 1078 2098 fide
1106 2033 1285 2113 historica‘,

150 2144 354 2229 Wuerzburg‘
373 2150 454 2210 1877
477 2167 508 2229 p.
529 2151 602 2226 41.;
627 2144 769 2211 Kcehler
789 2145 810 2210 l.
829 2144 849 2209 l.
872 2150 935 2210 act.
957 2146 1087 2229 Erlang.
1110 2146 1125 2211 1
1145 2167 1178 2229 p.
1201 2150 1282 2227 1613

150 2258 206 2324 alii
229 2279 358 2341 quoque
380 2257 498 2323 aetatis
520 2258 624 2324 bonae
647 2258 822 2343 scriptores
841 2257 937 2323 huius
955 2258 1112 2324 sermonis
1134 2257 1285 2340 exempla

150 2370 374 2456 suppeditant3
396 2369 453 2435 cfr.
474 2369 643 2453 Landgraf
665 2369 790 2436 ‘Galba'
813 2393 844 2455 p.
867 2374 925 2452 283
945 2369 1102 2451 Schmin,
1124 2369 1182 2435 ZS.
1204 2367 1228 2433 f.
1253 2369 1284 2433 d

151 2484 264 2569 Gymn.
296 2505 334 2548 w.
363 2504 394 2566 p.
421 2486 482 2548 110
497 2504 536 2564 1.;
574 2482 779 2562 Thiclmann,
807 2482 855 2547 Bl.
885 2482 907 2546 f.
940 2482 969 2546 d.
998 2482 1088 2567 bayr.
1112 2481 1226 2568 Gymn.
1248 2504 1286 2545 w.

149 2617 181 2679 p.
213 2600 284 2661 207.
338 2594 475 2660 Omnino
504 2594 594 2660 nulla
631 2599 722 2660 aetas
758 2593 822 2659 hoc
853 2614 971 2678 genere
999 2593 1287 2660 circumscribendi

151 2706 328 2774 cottidiano
351 2711 449 2774 caret
512 2731 515 2736 ·
583 2762 585 2766 ,

253 2820 288 2906 β)
311 2818 427 2885 ‘dare’
439 2817 465 2903 ¹)
482 2816 617 2884 verbum
643 2818 732 2902 apud
752 2818 888 2884 Brutum
908 2818 1045 2902 legimus
1067 2817 1117 2883 bis
1140 2818 1174 2882 in
1195 2818 1287 2884 locu-

150 2931 311 2997 tionibus:
333 2951 430 3015 agros
451 2931 530 2997 dare
553 2930 599 2995 XI
622 2935 673 3012 20,
696 2936 735 3012 33
762 2931 869 2996 locum
891 2930 1043 2996 fortunae
1065 2930 1095 2995 d
1120 2935 1147 3010 l,
1170 2936 1207 3011 33
1229 2952 1287 2996 ne·

152 3044 275 3127 gotium
296 3043 326 3108 d.
349 3049 399 3124 26,
425 3049 461 3124 1;
485 3063 618 3127 operam
638 3043 668 3108 d.
687 3048 716 3123 9,
742 3048 776 3124 1;
801 3047 871 3122 131,
894 3049 931 3124 4;
955 3048 1024 3122 l3a,
1048 3048 1084 3124 53
1106 3041 1136 3106 d.
1150 3062 1288 3126 operam

153 3160 203 3236 23,
229 3161 263 3235 1,
301 3155 341 3220 de
370 3160 510 3239 utroque
541 3153 714 3220 verborum
744 3154 856 3220 ordine
884 3154 941 3219 cfr.
969 3155 1123 3237 creager,
1153 3154 1288 3220 ‘Histon

152 3266 250 3354 Synt’
273 3268 305 3332 Il
326 3289 357 3351 p.
381 3273 500 3349 2641.;
521 3267 721 3351 provinciam
744 3267 775 3332 d.
799 3272 826 3347 1,
852 3271 887 3347 13
911 3266 1107 3351 stipendium
1130 3267 1161 3333 d.
1180 3270 1233 3345 23,
1260 3273 1288 3334 1.

254 3380 289 3466 p)
309 3379 417 3445 ‘esse’
439 3378 574 3444 verbum
602 3383 710 3445 exstat
737 3378 825 3463 apud
849 3378 989 3444 Erutum
1012 3378 1046 3443 in
1066 3377 1289 3446 locutionibus

151 3491 219 3556 bis:
257 3529 259 3538 ν

293 3604 356 3688 α’)
379 3603 469 3669 ‘esse’
492 3623 565 3668 cum
588 3602 751 3669 adverbiis
774 3603 980 3669 coniunctum
990 3602 1027 3688 2).

256 3863 282 3928 1)
301 3862 358 3918 Otr.
376 3861 547 3929 Thielmaun‚
566 3861 700 3917 ‘Verbum
717 3862 784 3916 dare
801 3863 840 3916 im
856 3861 1069 3931 Lateinischen',
1096 3860 1192 3931 Leipz.
1212 3863 1291 3917 1882.

255 3950 282 4017 2)
301 3948 348 4002 Ad
364 3948 436 4002 hanc
449 3952 558 4018 partem
569 3948 734 4018 inspiciendi
751 3952 817 4003 sunt
825 3948 890 4003 libri
901 3948 945 4002 hi:
965 3948 1092 4019 Draeger
1103 3947 1186 4002 ‘Hist
1198 3946 1291 4018 Synt'

153 4035 213 4105 Ip.
233 4038 343 4103 19211.;
368 4034 471 4088 Holtze
497 4033 583 4104 ‘Synt
607 4054 648 4104 pr.
675 4034 770 4103 script.
788 4034 843 4089 lat'
861 4034 894 4088 H
912 4054 939 4105 p.
958 4039 1042 4102 6-85
1066 4034 1215 4089 Kuehnast
1232 4033 1291 4089 ‘Li-

152 4123 223 4175 vian.
242 4120 328 4191 Synt’
348 4140 375 4190 p.
393 4122 487 4189 5211.;
505 4121 640 4175 Kuehner
658 4120 690 4174 ΙΙ
708 4139 735 4190 p.
754 4125 784 4188 73
805 4121 914 4176 Kranae
932 4123 949 4175 l.
962 4122 980 4175 l.
998 4141 1026 4191 p.
1044 4124 1140 4188 2011.;
1157 4119 1291 4190 Mueller,

154 4208 184 4262 0.
202 4206 234 4261 F.
253 4205 307 4275 W.‚
333 4205 432 4261 Philol.
452 4205 497 4260 IX
520 4226 548 4277 p.
567 4209 717 4275 tlt—6263
745 4205 938 4276 Naegelsbach
963 4207 1066 4278 §1443
1092 4205 1216 4276 Rebh'ng
1231 4206 1252 4261 l.
1271 4208 1291 4263 l.

152 4312 181 4363 p.
200 4297 247 4362 ll;
266 4292 379 4348 Stinner
396 4293 415 4347 l.
428 4293 446 4346 l.
465 4311 492 4362 p.
511 4294 589 4347 2311.
