2864 4800
566 375 885 476 ’-16-

216 581 299 655 ,illud
311 581 490 648 Brutiuum‘
503 581 609 666 ipsum
623 603 782 666 nusquam
800 583 878 649 alibi
893 587 1009 663 exstat,
1029 588 1138 649 tamen
1157 538 1347 664 locutiones,
1391 631 1393 636 ,

23 750 26 755 ⁴
141 778 144 784 ι
218 695 392 779 inquibus
421 694 634 761 ‘descendere’
664 694 815 776 eandem,
849 717 945 780 quam
976 717 1091 780 supra,
1124 696 1188 761 vim
1212 695 1347 776 obtinet,

219 806 307 872 baud
328 827 403 872 raro
424 806 639 890 reperiuntur.
683 807 824 891 Doering
852 808 908 874 ille
937 807 1067 891 quidem
1091 807 1133 872 ad
1154 807 1249 873 Plinii
1273 828 1346 892 epp.

150 947 153 952 ·
222 924 270 999 10,
294 924 335 985 40
365 918 529 984 contendit
559 918 692 984 verbum
723 920 936 985 ‘descendere’
966 953 1009 974 =
1036 941 1108 985 zum
1135 921 1347 985 deussersten

219 1031 289 1096 sich
317 1030 548 1096 eutscbliessen
584 1030 746 1097 latinitate
776 1039 930 1116 argentea
965 1032 1093 1096 demum
1122 1031 1276 1111 inveniri,
1311 1037 1348 1096 61

220 1142 456 1208 Antibarbarus
477 1143 620 1226 16385
644 1144 791 1228 exempla
810 1145 1001 1228 scriptorum
1023 1145 1217 1228 optimorum
1239 1142 1346 1208 affert.

220 1254 317 1320 Cuius
338 1255 425 1320 modi
447 1241 595 1339 exempla
615 1262 706 1321 sunt:
727 1257 815 1322 Caes
839 1256 868 1321 d.
891 1256 922 1322 b.
945 1255 983 1321 G.
1006 1261 1035 1336 6,
1060 1261 1098 1321 16
1122 1255 1174 1320 ‘ad
1195 1249 1355 1320 innocen-⁴

55 1369 58 1375 ’
135 1436 137 1440 .
219 1367 300 1431 tium
324 1366 483 1450 supplicia
502 1366 721 1449 descendere’3
746 1367 777 1433 b.
792 1390 817 1432 c.
832 1375 859 1448 1,
879 1374 898 1434 9
921 1369 973 1433 ‘ad
995 1368 1103 1433 omnia
1125 1366 1347 1447 descendere'3

218 1477 296 1543 ibid.
315 1484 393 1559 1,81
419 1479 471 1544 ‘ad
487 1479 671 1564 eruptiones
686 1478 907 1562 descendere,
928 1479 1004 1546 ibid.
1014 1485 1042 1560 3,
1055 1486 1073 1546 9
1098 1479 1151 1544 ‘ad
1165 1483 1345 1544 extremum

205 1589 373 1672 auxilium
404 1590 608 1657 descendere’
636 1590 713 1657 ibid.
737 1597 765 1674 3,
788 1597 828 1658 83
862 1592 914 1657 ‘ad
945 1592 1150 1676 gravissimas
1171 1591 1344 1656 verborum

219 1702 428 1768 contumelias
451 1701 673 1789 descendere’3
695 1704 758 1770 Cic.
774 1704 870 1769 divin.
892 1705 927 1768 iu
948 1703 1064 1770 Caecil.
1084 1709 1110 1783 l,
1130 1709 1164 1785 1;
1186 1726 1234 1787 61.
1257 1704 1345 1768 Sext.

219 1820 270 1894 41,
304 1820 344 1880 89
375 1814 580 1882 ‘descendere
615 1815 657 1881 ad
692 1815 917 1882 accusandum'
949 1847 992 1870 =
1030 1838 1101 1881 zum
1133 1817 1346 1881 Aeussersten

219 1927 350 2010 greifen,
372 1927 512 1993 namlicb
533 1950 606 1993 zum
628 1927 795 2012 Auklageu

322 2045 582 2124 exspectare:
612 2039 658 2104 XI
691 2046 718 2120 1,
747 2046 767 2105 4
802 2047 868 2105 ‘cur
899 2040 1104 2105 novissimum
1132 2045 1259 2124 tempus
1291 2059 1346 2103 ex-

220 2156 401 2235 spectemus
430 2152 554 2235 potius,
594 2172 690 2234 quam
725 2172 810 2216 nuuc
836 2151 959 2235 aliquid
989 2151 1189 2217 moliamur’?
1223 2172 1345 2216 warum

220 2263 321 2328 sollen
347 2264 405 2328 wir
427 2263 606 2344 abwarten,
637 2263 687 2328 bis
720 2285 754 2329 66
782 2285 854 2329 zum
876 2266 1088 2330 Aeussersten
1115 2263 1251 2344 kommt,
1278 2263 1346 2328 und

219 2374 310 2440 nicht
331 2374 433 2441 116161
451 2376 532 2461 jetzt
551 2375 656 2459 gleich
680 2375 772 2441 einen
799 2375 1069 2442 eutscheide'uden
1091 2375 1216 2441 Schritt
1236 2375 1346 2439 tbun?

219 2485 303 2551 Illud
325 2487 540 2552 ‘novissimum
557 2492 685 2572 tempus
701 2487 898 2570 exspectare’
919 2488 1006 2572 apud
1028 2493 1153 2553 6616166
1170 2487 1347 2570 6611616166

220 2598 343 2664 frustra
365 2600 542 2683 quaeritur.
586 2584 683 2665 Notio
711 2599 802 2665 verbi
830 2600 1037 2684 ‘exspectare’
1066 2600 1128 2664 hoc
1158 2599 1230 2665 loco
1251 2599 1347 2663 timo·

220 2731 288 2776 rem
311 2712 471 2795 quendam
493 2710 644 2793 includit3
675 2710 809 2776 eandem
831 2711 895 2776 vim
916 2716 1124 2797 ‘exspectare‘
1147 2711 1272 2776 obtinet
1294 2731 1346 2794 ap.

221 2823 347 2889 Terent.
370 2823 497 2888 Phorm.
519 2823 535 2887 Ι
556 2829 586 2903 4,
611 2828 669 2904 16;
691 2822 806 2908 Hecyr.
829 2823 927 2903 1114,
949 2829 985 2905 83
1005 2844 1056 2908 ap.
1081 2823 1143 2888 Cic.
1164 2821 1291 2887 Tuscul.
1314 2823 1347 2887 11

223 2939 272 3014 12,
294 2940 351 3017 283
374 2956 424 3019 ap.
448 2935 537 3001 Caes.
560 2933 590 2998 d.
614 2934 645 3000 b.
668 2933 706 3000 G.
730 2940 758 3016 6,
784 2941 817 3016 13
838 2934 915 2999 ibid.
940 2941 968 3015 7,
992 2940 1027 3016 3;
1049 2935 1089 3000 61.
1112 2935 1172 3000 loc.

323 3047 602 3131 obstringere:
623 3045 670 3110 XI
694 3051 784 3125 10‚5
818 3051 864 3111 ‘ut
891 3068 1001 3113 omues
1028 3047 1094 3111 iam
1116 3067 1203 3111 meos
1226 3045 1348 3110 amicos

222 3179 297 3224 aere
320 3159 425 3225 alieno
447 3157 693 3239 obstrinxerim',
727 3179 763 3224 so
792 3158 867 3224 dass
896 3159 949 3224 161
978 3159 1041 3224 alle
1072 3160 1176 3224 meine
1199 3155 1348 3222 Freunde

221 3270 325 3336 durch
348 3271 504 3357 Auleihen
525 3271 559 3334 in
588 3269 863 3337 Mitleideuscbaft
891 3291 1030 3355 geaogen
1058 3271 1152 3337 1616.
1196 3268 1348 3335 Notabile

222 3388 280 3464 661,
296 3383 431 3450 verbum
445 3381 664 3467 ‘obstringere’
682 3383 775 3466 quasi
790 3382 953 3466 quandam
975 3383 1040 3448 vim
1050 3383 1212 3468 passivam
1227 3387 1349 3461 tenere,

222 3495 242 3560 i.
263 3515 290 3560 e.
314 3496 434 3561 Brutus
457 3501 507 3561 est
528 3495 639 3561 amicis
662 3494 853 3576 obstrictus,
885 3516 957 3560 cum
980 3495 1022 3560 ab
1043 3495 1082 3560 iis
1103 3494 1257 3579 pecunias
1278 3516 1348 3559 mu-

221 3607 308 3672 tuari
330 3613 461 3673 coactus
486 3613 586 3688 esset,
616 3628 721 3692 neque
748 3628 824 3674 vero
853 3607 949 3673 amici
970 3607 1071 3672 Bruto
1094 3605 1241 3672 obstricti
1264 3611 1350 3685 sunt,

221 3719 309 3802 quod
331 3741 348 3785 e
369 3719 478 3786 verbis
501 3719 596 3785 facile
612 3719 759 3785 concludi
775 3724 892 3805 potest.
935 3720 1113 3804 Propterea
1134 3717 1216 3783 illud
1230 3718 1348 3783 merito

222 3851 242 3895 a
263 3831 364 3896 Bruto
379 3852 530 3916 perverse
545 3830 666 3896 dictum
683 3832 838 3897 existimo.
884 3832 1034 3898 Ceterum
1049 3829 1184 3896 verbum
1200 3828 1350 3895 ‘obstrin-

223 3942 307 4026 gere’
330 3942 372 4008 ad
393 3943 500 4009 varias
521 3943 700 4009 locutiones
721 3943 908 4010 formandas
930 3943 1112 4010 adhibitum
1133 3948 1198 4008 est:
1221 3940 1351 4008 ‘collum

223 4055 432 4139 obstringere'
460 4055 565 4120 Plaut.
596 4055 710 4141 Amph.
728 4056 776 4121 111
798 4060 825 4136 2,
849 4061 906 4138 72;
937 4056 1006 4122 Aul.
1028 4056 1044 4121 I
1068 4061 1096 4137 1,
1122 4060 1178 4136 393
1208 4054 1300 4120 Cure.
1321 4053 1372 4120 Vv

224 4173 252 4246 3,
278 4173 331 4248 15;
353 4172 411 4249 283
438 4165 556 4232 ‘follem
579 4167 781 4252 obstringere
803 4167 845 4233 ob
868 4167 986 4251 gulam’
1009 4168 1079 4233 Aul.
1101 4168 1133 4233 Π
1154 4172 1183 4248 4,
1206 4171 1256 4231 23.
1300 4166 1352 4230 Ex
