2864 4800
555 432 854 520 -41-‚

102 600 131 665 A
153 605 191 681 23
211 599 238 664 Β
262 605 294 680 23
323 599 493 693 Pompeius
514 598 591 664 ibid.
615 602 665 681 12,
687 599 715 663 Α
738 604 774 680 3;
789 597 859 663 cfr.
888 597 938 679 id,
968 598 1055 681 quod
1076 597 1222 664 Schmaln
1374 588 1377 595 ’
1404 612 1419 676 J

102 711 158 777 ZS.
190 710 211 778 ι
240 711 270 776 d.
301 711 413 797 Gymn.
442 732 479 776 π.
507 733 537 794 p.
562 715 621 779 113
651 715 766 776 contre
793 709 923 794 Suepfle
952 710 995 775 ad
1023 729 1072 794 ep
1095 715 1136 777 64
1164 710 1222 796 [ad
1400 712 1404 719 ’

101 823 177 888 iem.
203 823 248 889 IV
271 824 321 908 2],
352 827 466 890 contra
492 822 588 891 Halm
618 822 661 889 ad
693 822 756 888 Gic.
787 821 856 887 Cat.
878 828 908 902 4,
931 828 967 903 7,
999 827 1113 887 contm
1141 820 1223 888 alios
1290 806 1292 810 ¹
1392 818 1395 825 ’

102 933 197 1016 dioit3
227 934 283 1000 cfr.
315 934 414 1001 etiam
444 933 609 999 Hellmuth
635 933 775 1000 ‘Balbus'
803 955 835 1018 p.
858 939 900 1000 54
912 954 936 999 s.
962 971 1007 983 -
1034 933 1223 1000 Cornificius
1312 1019 1314 1022 Α

103 1066 232 1131 quoque
252 1046 365 1113 scribit
394 1046 431 1112 ‘si
458 1045 519 1112 tibi
544 1044 696 1127 videtur’3
728 1044 785 1111 cfr.
807 1044 996 1110 Thielmann
1017 1045 1037 1110 l.
1053 1045 1074 1110 l.
1096 1066 1127 1130 p.
1150 1051 1222 1112 358.

177 1157 307 1239 'Quid
328 1179 424 1242 ergo
444 1163 522 1238 est,
551 1158 676 1242 inquis,
705 1158 757 1224 tui
775 1156 924 1223 consilii?
952 1157 999 1223 XI
1023 1163 1050 1238 1,
1073 1162 1105 1222 3.
1147 1157 1224 1222 Was

23 1343 24 1346 Ἴ
100 1271 145 1336 ίει
163 1270 260 1336 somit
279 1268 353 1335 dein
375 1270 449 1351 Rat,
468 1270 559 1355 πίνει
578 1269 623 1336 du
643 1268 781 1354 fragon?
812 1269 933 1349 lphac
949 1274 1116 1335 structura
1136 1269 1222 1335 inest

99 1380 238 1448 formula
257 1375 520 1466 interrogationis
548 1382 582 1447 in
611 1403 672 1449 usu
701 1381 877 1448 cottidiano
898 1380 1111 1450 usitatissima
1133 1380 1221 1465 ‘quid

101 1514 179 1577 ergo
200 1493 282 1559 est’?
309 1514 406 1578 quem
428 1493 541 1560 Cicero
562 1493 751 1560 adulescens
772 1492 935 1578 prioribus
963 1494 998 1558 in
1019 1491 1220 1559 orationibus

100 1605 294 1689 frequentat,
316 1605 404 1672 velut
424 1627 472 1691 pr.
495 1606 673 1687 Quincti,
696 1611 732 1687 ὃς
756 1611 784 1685 3,
809 1611 865 1687 11;
898 1610 949 1686 30,
968 1610 1026 1688 943
1055 1626 1104 1690 pr.
1125 1604 1220 1670 Rosc.

101 1717 187 1782 (lom.
219 1724 248 1797 5,
280 1724 329 1784 15.
385 1718 433 1783 De
461 1718 524 1784 hac
552 1716 691 1783 formula
716 1717 793 1783 iam
810 1720 1029 1802 exposuerunt
1056 1715 1225 1800 Landgraf

103 1828 146 1894 ad
167 1828 231 1895 cio.
251 1851 300 1914 pr.
314 1830 407 1896 Rcsc.
420 1830 489 1895 Am.
503 1853 533 1915 p.
549 1835 626 1913 2083
650 1829 796 1897 Sohmalz
818 1829 984 1895 ‘Vatinius’
1006 1850 1037 1914 p.
1054 1835 1110 1910 483
1133 1828 1222 1912 Burg

99 1939 157 2006 ll
177 1962 209 2025 p.
232 1946 271 2007 63
288 1963 313 2007 s.
831 1997 832 2000 ,
860 1944 862 1949 ’
1090 1943 1092 1946 ⁴

202 2053 266 2119 Sed
296 2053 378 2119 haee
405 2053 571 2119 hactenus.
592 2091 635 2104 -
654 2054 715 2135 lis,
729 2083 732 2087 <
748 2057 832 2138 quae
858 2053 912 2119 his
940 2052 1038 2119 scidis
1062 2050 1222 2132 mandavi,

98 2165 237 2249 primam
258 2164 534 2232 commentationis
552 2171 688 2250 partem,
711 2168 795 2250 quse
817 2171 866 2231 est
887 2164 928 2231 de
948 2163 1089 2249 singulis.
1103 2163 1220 2244 verbis,

99 2276 143 2343 sd
161 2277 258 2344 finem
278 2277 468 2362 perduxisse
482 2277 561 2344 mihi
574 2277 693 2344 videor.
736 2277 858 2358 Quodsi
871 2276 1042 2343 verborum
1059 2275 1219 2342 delectum

100 2394 176 2454 ante
197 2390 307 2455 oculos
327 2389 492 2475 ponimus,
520 2390 661 2476 primum·
686 2389 799 2456 mirari
821 2388 991 2470 debemus,
1020 2387 1107 2473 quod
1134 2386 1222 2473 apud

99 2501 236 2567 Brutum
257 2522 299 2568 ne
319 2523 419 2568 unum
441 2501 571 2586 quidem
585 2502 829 2570 substantivum
850 2502 885 2568 in
907 2500 977 2566 ‘tor'
999 2500 1051 2567 vel
1072 2498 1144 2565 ‘sor'
1167 2498 1222 2565 de·

99 2613 207 2679 sinens
234 2618 358 2695 exstat,
397 2635 594 2698 quamquam
621 2613 703 2680 talia
729 2613 944 2698 verba'apud
973 2613 1159 2680 Oicsronem
1188 2615 1221 2676 et

100 2725 187 2809 apud
214 2745 285 2807 eos,
317 2726 373 2810 qui
397 2725 440 2791 ad
467 2746 540 2791 eum
568 2727 695 2793 litteras
721 2726 900 2806 dederunt,
930 2723 1222 2806 increbruerunt1).

100 2836 163 2903 Sed
177 2837 240 2903 hoo
260 2857 348 2918 casu,
367 2857 432 2903 non
454 2837 586 2904 consilio
608 2859 678 2905 esse
699 2838 822 2905 laetum
839 2837 982 2920 videtur3
1002 2858 1077 2903 nam
1098 2836 1133 2901 in
1155 2834 1221 2920 epi·

98 2948 192 3016 stulis
215 2949 338 3016 nullum
359 2949 465 3016 locum
486 2950 566 3035 legi,
596 2971 661 3035 quo
690 2951 810 3017 Brutus
832 2949 1004 3031 eiusmodi,
1033 2954 1071 3014 ut
1093 2948 1220 3028 vitaret

97 3061 228 3127 nemina
249 3061 536 3128 circumscriberet.
579 3061 702 3128 Deinde
721 3062 864 3129 notabile
893 3073 971 3128 sane
992 3060 1120 3126 videtur
1142 3079 1221 3139 esse,

97 3172 186 3257 apud
207 3172 344 3240 Brutum
372 3173 546 3254 adiectiva,
575 3194 712 3259 quorum
740 3175 847 3241 exitus
876 3180 926 3240 est
955 3171 1055 3254 bilis,
1087 3192 1152 3238 non
1172 3170 1221 3235 in·

97 3284 231 3366 seniri‚-
251 3284 369 3368 quibus
402 3306 475 3352 oum
506 3306 684 3353 sermonem
723 3285 884 3353 urbanum
910 3291 980 3352 tum
1010 3283 1221 3352 cottidianum

97 3416 286 3478 sermonem,
309 3398 361 3464 eui
383 3398 594 3482 epistularum
615 3399 791 3484 scriptores
812 3398 1018 3479 studuerunt,
1031 3394 1221 3463 ‘abundasse

95 3509 183 3574 inter
203 3529 315 3576 omnes
336 3515 471 3577 constat.
515 3512 622 3596 Atque
651 3511 748 3577 etiam
777 3510 926 3577 desidero
957 3510 1097 3594 aliquem
1127 3528 1221 3573 usum

97 3619 329 3688 adiectivorum
361 3621 485 3708 syllaba
512 3623 572 3688 ‘ax'
598 3624 854 3703 terminatorum,
882 3623 922 3688 de
952 3620 1069 3707 quibus
1089 3618 1222 3702 Ludwig

95 3732 156 3798 ‘De
177 3732 320 3800 Petronii
342 3754 435 3801 serm.
457 3733 562 3819 pleb’,
583 3735 670 3820 lips.
683 3741 766 3802 1870
786 3757 818 3819 p.
834 3740 876 3801 30
897 3734 993 3800 dicit:
1015 3739 1221 3817 ‘quamquem

96 3845 196 3910 etiam
218 3845 471 3931 ascriptoribus
497 3847 628 3931 optimis
656 3868 721 3914 non
748 3846 855 3913 aliena
875 3852 940 3927 est,
969 3851 1079 3912 tamen
1099 3844 1133 3910 in
1154 3864 1220 3908 ser·

94 3976 197 4022 mone·
212 3951 334 4024 rustico
355 3963 424 4023 tam
448 3957 565 4025 crebra
585 3964 636 4026 est
655 3958 713 4025 illa
733 3958 893 4029 formandi
912 3958 1008 4039 ratio,
1029 3957 1119 4023 utin
1141 3955 1220 4022 deli·

200 4146 320 4218 1)Burg
340 4147 390 4202 l.l.
414 4166 440 4217 p.
461 4150 511 4216 433
542 4146 641 4218 Meyer
665 4148 683 4203 l.
695 4150 713 4203 1.
738 4167 764 4219 p.
784 4111 865 4218 disq
895 4146 1005 4203 Kranm
1027 4147 1075 4202 1.l.
1101 4164 1128 4215 p.
1154 4147 1221 4212 8s.;

93 4231 180 4304 Opita
200 4233 218 4288 l.
237 4233 255 4288 l.
273 4252 301 4303 p.
320 4233 368 4302 153
393 4232 533 4289 Schirmer
548 4235 566 4288 l.
584 4234 602 4288 l.
621 4253 647 4304 p.
666 4239 699 4304 9;
730 4234 857 4290 Schmaln
874 4232 981 4290 ‘Pollio’
998 4252 1025 4303 p.
1043 4232 1123 4300 disq
1148 4229 1220 4286 Stin·

92 4320 327 4391 nmtlpds
910 4351 913 4358 ·
