2864 4800
600 435 820 494 ..8.-

147 600 249 664 daran
271 599 341 680 ihre
364 619 464 682 ganne
484 598 661 682 bdswillige
679 599 863 682 Gesinnung
881 599 946 665 und
963 599 1022 663 der
1044 597 1152 661 Neid.
1198 598 1274 661 ‘Li-

146 711 225 777 vor’
249 711 385 776 nominis
407 715 483 776 ante
500 711 636 776 Brutum
660 716 788 776 exstant
808 712 878 776 sola
900 710 1047 795 exempla
1064 709 1144 774 duo:
1167 709 1274 774 Plaut.

147 824 240 893 Truc.
257 823 311 902 IV,
336 828 374 889 19
397 823 472 887 ‘iam
493 822 626 888 livorem
647 828 717 889 tute
739 823 879 907 scopulis
900 823 983 889 istoc
1005 822 1175 888 concinnes
1197 819 1275 885 tuis‘

148 940 181 1000 et
209 940 294 1000 auct.
326 932 368 999 ad
389 933 466 998 Her.
487 935 519 998 ll
542 941 570 1012 5,
593 940 613 1000 8
642 935 679 999 ‘si
707 939 834 1000 tumore
861 939 894 1000 et
920 934 1021 999 livore
1051 932 1276 998 decoloratum

149 1051 199 1111 est
221 1045 494 1130 corpua'mortui’.
538 1046 597 1112 His
618 1045 698 1112 locis
720 1046 818 1110 ‘livor'
841 1046 904 1112 vim
924 1045 1089 1130 propriam
1110 1044 1210 1109 habet
1230 1076 1277 1098 ==

147 1157 263 1224 blauer
284 1156 399 1238 Fleck3
426 1157 506 1223 iem
536 1157 668 1223 exhibet
695 1156 864 1224 Lucretius
892 1163 921 1237 3,
945 1163 1006 1224 527
1036 1156 1208 1223 ‘livescere’
1230 1188 1277 1211 =

148 1269 293 1336 bltulieh
314 1268 450 1335 werden.
924 1333 926 1338 .

252 1379 365 1445 ‘livor’
384 1401 444 1464 pro
467 1381 605 1446 'invidia‘
627 1381 768 1466 positum
784 1382 913 1447 demum
930 1386 1038 1446 aetate
1054 1380 1277 1460 Ciceroniana,

150 1514 233 1577 quae
255 1491 456 1577 appellatur,
477 1492 511 1557 in
533 1514 626 1558 usum
648 1493 750 1575 venit,
779 1514 854 1558 nam
875 1492 1027 1558 hocloco
1048 1492 1155 1572 Bruti,
1179 1513 1278 1576 quern

150 1625 250 1689 supra
271 1604 376 1684 attuli,
397 1605 536 1689 primum
559 1604 658 1669 ‘livor’
686 1626 745 1689 pro
766 1604 904 1670 ‘invidia’
928 1610 961 1670 et
982 1604 1068 1688 apud
1089 1604 1279 1670 Ciceronem

150 1716 284 1783 ‘lividus'
313 1738 373 1801 pro
400 1716 544 1783 ‘invidus'
568 1717 695 1783 Tuecul.
717 1719 761 1782 IV
785 1723 833 1797 12,
857 1722 897 1784 28
926 1715 1036 1803 [‘Ergo
1067 1721 1100 1782 et
1120 1714 1220 1781 invidi
1245 1720 1279 1780 et

151 1828 311 1895 malevoli
329 1834 362 1894 et
391 1829 482 1894 lividi
512 1834 544 1894 et
573 1830 679 1895 timidi
709 1835 742 1895 et
762 1829 996 1909 misericordes,
1019 1827 1096 1912 quia
1117 1826 1279 1911 proclives

151 1941 194 2006 ad
216 1961 272 2006 eas
290 1941 567 2025 perturbationes,
598 1962 661 2006 non
684 1942 761 2025 quia
782 1963 908 2026 semper
929 1939 1100 2025 ferantur’]
1123 1938 1278 2004 exhiben-

151 2057 214 2117 tur.
263 2053 346 2116 Sane
376 2052 506 2135 quidem
534 2053 620 2118 hunc
646 2053 774 2119 dicendi
794 2074 889 2119 usum
917 2051 1063 2118 Schmala
1086 2050 1277 2117 ‘Antibarb.'

153 2164 185 2230 II
205 2185 236 2247 p.
262 2168 302 2228 27
332 2163 447 2229 merito
485 2164 526 2229 ab
557 2165 679 2248 optima
707 2164 871 2230 latinitate
901 2162 1082 2242 abiudicat,
1112 2184 1184 2227 cum
1213 2163 1281 2228 alia

153 2274 309 2341 eiusmodi
331 2276 479 2359 exempla
508 2276 596 2360 apud
625 2276 799 2361 scriptores
831 2275 999 2355 clasmcos,
1030 2273 1086 2358 qui
1116 2273 1280 2355 dicuntur,

152 2409 216 2453 non
237 2387 442 2454 inveniantur
463 2392 496 2453 et
516 2388 572 2453 illo
597 2388 683 2468 loco,
712 2409 808 2471 quem
837 2408 877 2453 ex
903 2387 1064 2453 Ciceronis
1087 2386 1281 2452 Tusculanis

152 2499 434 2584 Disputationibus
452 2500 570 2580 notavi,
594 2500 732 2566 fortasse
747 2499 932 2584 corruptela
952 2499 994 2564 sit
1009 2497 1183 2564 statuenda
1205 2498 1280 2585 [cfr.

49 2625 52 2631 ’
152 2613 265 2677 Baiter
286 2617 319 2677 et
342 2612 475 2698 Kayser,
498 2611 651 2692 Mueller,
679 2612 734 2695 qui
755 2612 907 2678 hocloco
928 2611 1092 2694 legerunt:
1120 2610 1282 2676 ‘malevoli

154 2726 200 2809 (et
218 2724 354 2810 lividi)’].
399 2725 488 2804 Quae
510 2743 708 2808 quamquam
730 2725 778 2789 ita
799 2729 890 2804 sunt,
920 2723 976 2788 illa
999 2727 1106 2788 aetate
1130 2743 1203 2788 eum
1227 2743 1279 2788 co·

152 2836 254 2901 lorem
276 2837 429 2920 corporis,
453 2836 508 2920 qui
529 2836 655 2917 ictibus,
677 2836 862 2921 planctibus
883 2834 1068 2918 talibusque
1089 2834 1187 2900 rebus
1210 2834 1280 2900 effi·

52 2955 55 2959 ’
155 2949 253 3028 citur,
281 2949 314 3013 in
343 2948 498 3029 colorem,
527 2969 623 3031 quem
651 2948 773 3014 invidia
792 2949 888 3014 faciei
908 2947 1079 3032 imprimit,
1107 2946 1282 3012 transferri

155 3065 304 3144 coeptum
334 3081 404 3126 esse
432 3061 488 3126 illo
518 3060 589 3126 loco
611 3060 746 3126 Brutine
769 3060 848 3125 mihi
868 3058 1099 3144 persuadetur:
1130 3079 1282 3143 praeser-

154 3172 212 3236 tim
236 3192 308 3238 cum
331 3172 395 3237 iam
417 3178 525 3239 aetate
540 3173 730 3256 insequenti,
752 3193 836 3255 quae
852 3172 971 3237 dicitur
988 3174 1162 3255 Augustos,
1185 3170 1283 3236 multi

155 3284 330 3367 scriptores
357 3305 473 3351 nomen
502 3285 601 3350 ‘livor‘
630 3306 702 3351 cum
731 3283 870 3349 ‘invidia’
899 3284 1026 3348 nomine
1053 3302 1196 3366 aequare
1218 3304 1284 3348 non

155 3394 312 3460 dubitent.
355 3396 505 3480 Inprimis
532 3404 649 3482 poetae
677 3398 761 3462 hanc
783 3395 1028 3461 translationem
1049 3400 1169 3475 amant,
1193 3395 1283 3461 velut

154 3507 267 3572 Horat.
291 3512 351 3573 sat.
372 3509 388 3573 l
410 3515 439 3588 4,
463 3508 657 3591 93;Tibu11.
679 3511 695 3574 I
717 3517 745 3590 6,
768 3514 824 3590 133
844 3509 989 3592 Propert.
1012 3507 1155 3587 18‚29;
1190 3507 1283 3573 ovid.

156 3621 224 3683 Am.
247 3618 262 3682 l
287 3625 335 3698 15,
365 3625 422 3702 393
452 3641 501 3705 ep.
524 3642 563 3685 ex
587 3622 677 3686 Pont.
699 3622 747 3688 ΙΙΙ
768 3628 797 3702 4,
827 3626 885 3702 24;
916 3626 965 3699 16,
988 3625 1046 3700 47;
1078 3641 1117 3684 ex
1140 3617 1284 3685 dictione

155 3731 283 3814 poetica
305 3731 339 3795 in
356 3733 533 3797 orationem
549 3732 688 3820 solutam
701 3733 838 3812 influxit,
853 3732 941 3797 velut
957 3731 998 3796 M.
1016 3733 1135 3795 Annae.
1171 3729 1285 3796 Senec

156 3841 303 3906 Controv.
334 3842 365 3907 11
396 3849 450 3923 14,
479 3843 532 3909 fin.
543 3845 585 3929 1);
617 3844 696 3909 Plin.
728 3845 804 3910 Pan.
836 3850 865 3924 3,
896 3850 916 3908 4
948 3843 1049 3908 Tacit.
1078 3841 1153 3906 hist
1190 3848 1221 3923 1,
1253 3849 1285 3924 13

156 3954 281 4037 Suet.²)
304 3955 370 4020 Oal.
394 3961 443 4020 34.
1276 3997 1279 4000 -

259 4111 284 4177 1)
301 4111 366 4165 Hoc
384 4110 446 4164 loco
457 4127 459 4130 ⁴
471 4115 564 4164 utrum
590 4112 761 4165 ‘sententiam
782 4112 937 4165 lividiorem
954 4110 1032 4165 dixit’
1058 4128 1092 4164 an
1110 4111 1286 4168 ‘sententiam

154 4196 316 4250 viridiorem
334 4196 412 4250 dixit’
431 4197 467 4250 sit
483 4196 640 4266 legendum,
658 4198 795 4251 incertum
813 4202 863 4250 est.

257 4283 285 4350 2)
311 4281 366 4335 cfr.
393 4282 489 4352 Bagge
521 4281 573 4338 ‘De
601 4283 757 4338 elocutione
785 4283 816 4337 G.
844 4281 959 4337 Suetoni
985 4281 1155 4351 Tranquilli’,
1181 4283 1286 4356 Upsals

157 4370 223 4423 1875
243 4388 270 4439 p.
288 4370 329 4423 33.
