2864 4800
616 426 828 488 ..53-

151 593 356 660 Consuetudo
387 592 476 658 ‘esse'
505 593 597 659 verbi
635 615 707 658 oum
735 593 898 659 adverbiis
926 591 1139 676 coniungendi
1166 593 1231 657 iam
1262 613 1282 656 6

152 705 282 771 comicis
303 704 459 770 adamata
478 709 536 785 est,
557 704 861 789 neque-quidquam
886 704 940 770 hic
959 725 1036 770 6666
1066 704 1181 784 habet,
1217 724 1282 787 quo

152 816 370 883 offendamur:
392 836 497 900 neque
519 818 603 883 anim
624 817 659 883 in
678 816 730 882 his
743 816 960 883 locutionibus
974 815 1064 881 ‘esse'
1087 819 1139 881 est
1155 816 1281 900 copula,

152 950 236 1013 quae
257 950 277 994 a
300 928 519 1012 grammaticis
536 933 682 1008 vocabu,
705 929 763 995 sed
783 928 936 1009 verbum,
967 927 1054 1011 quod
1080 927 1212 1012 proprie
1234 927 1282 993 di·

152 1041 246 1106 citur.
292 1042 393 1122 Quem
424 1040 580 1106 sermonis
602 1040 771 1108 cottidiani
798 1061 920 1106 morem
953 1061 1026 1106 cum
1053 1040 1153 1105 ceteri
1182 1039 1282 1124 scrip·

150 1158 240 1219 tores
262 1153 380 1219 aetatis
392 1153 549 1220 classicae
569 1158 639 1218 tum
655 1152 803 1237 11166661)
826 1152 1091 1237 desumpserunt}
1113 1151 1281 1237 inprimis

151 1265 186 1329 in
207 1265 370 1349 epistulis,
400 1285 485 1348 quae
513 1285 554 1330 ex
582 1264 640 1330 illa
669 1269 777 1331 aetate
799 1264 942 1331 traditas
959 1268 1056 1344 6661,
1086 1263 1182 1329 huius
1204 1285 1282 1329 usus

151 1376 314 1461 permulta
349 1377 497 1461 exempla
531 1377 746 1443 inveniuntur.
781 1389 825 1427 ’-
852 1377 968 1443 ⁴Minus
996 1396 1094 1460 saepe
1123 1374 1283 1441 collocant

152 1487 343 1576 adverbium
386 1489 479 1554 iuxta
517 1489 605 1555 ‘esse'
642 1490 777 1556 verbum
812 1488 948 1568 Caesar,
981 1487 1037 1554 616.
1068 1487 1178 1571 Reisig
1209 1508 1282 1553 666.

152 1600 251 1665 Η666.
281 1604 360 1681 392,
391 1600 538 1684 Drasger
562 1601 584 1666 l.
605 1602 625 1666 l.
661 1600 676 1664 1
698 1624 729 1687 p.
754 1607 839 1684 193,
863 1601 1010 1681 Tacitus,
1040 1599 1097 1666 eir.
1125 1600 1281 1683 Draeger,

152 1712 285 1798 ‘Syutax
306 1711 373 1778 und
393 1712 455 1778 Stil
475 1712 505 1777 d.
527 1713 639 1778 Tacit'
660 1735 691 1797 p.
717 1719 765 1779 14.
1079 1726 1081 1732 ’

254 1825 304 1890 Ex
325 1824 558 1904 locutionibus,
589 1846 674 1909 quae
701 1826 788 1911 apud
816 1825 1002 1891 Ciceronem
1032 1824 1282 1891 creberrimam

153 1935 301 2022 epistulis
323 1935 450 2002 obviam
472 1935 564 2018 fiunt,
582 1937 703 2004 Brutus
726 1937 858 2005 exhibet
877 1936 954 2004 has:

255 2047 444 2132 proiecto
466 2053 529 2114 est
549 2049 610 2115 ita
637 2049 684 2116 XI
705 2056 735 2130 4,
759 2055 774 2116 1
799 2087 842 2099 -
864 2049 921 2116 cfr.
943 2049 1070 2115 Krause
1090 2048 1111 2114 1
1133 2048 1153 2114 l.
1176 2071 1213 2132 p.
1231 2053 1283 2127 21,

155 2183 190 2243 c;
212 2160 425 2226 8116666611.
448 2183 479 2245 p.
503 2168 596 2227 2766.
1148 2172 1149 2177 ’

144 2270 146 2275 ’
255 2293 426 2339 6666666
448 2279 511 2339 661
534 2274 581 2338 XI
604 2278 653 2354 10,
676 2281 715 2356 4,·
739 2280 788 2355 la,
814 2279 847 2356 1,
870 2279 920 2356 20,
944 2275 1039 2356 4,16
1059 2272 1166 2338 medio
1188 2272 1284 2338 66116-

153 2406 234 2469 quo,
265 2390 375 2450 utrum
407 2385 556 2451 ‘neeesse'
586 2385 629 2452 sit
662 2386 852 2453 adverbium
881 2408 924 2452 66
953 2392 1104 2453 neutrum
1135 2385 1286 2451 adiectivi

153 2497 330 2579 ‘necessis’3
352 2533 395 2545 -
417 2496 474 2563 cfr.
497 2497 635 2583 Rebliug
656 2497 677 2563 1
698 2498 718 2564 1
740 2521 771 2584 p.
796 2504 844 2565 11.

246 2625 356 2694 ‘opus
379 2609 578 2691 66111120,
600 2616 630 2677 4.

165 2739 166 2743 ’
255 2721 293 2786 16
321 2722 448 2788 urbana
478 2722 624 2789 oratioue
660 2724 768 2790 soluta
796 2729 928 2808 praeter
957 2742 1126 2789 numerum
1161 2727 1285 2788 certum

153 2833 381 2900 adverbiorum
410 2834 578 2901 eius'usus
600 2835 749 2920 exempla
775 2835 838 2901 uisi
865 2835 1052 2920 singulatim
1078 2857 1143 2901 666
1164 2834 1286 2901 inveni-

152 2951 261 3026 untur,
282 2946 371 3013 velut
391 2947 536 3013 ‘comiter
558 2952 591 3013 61
610 2947 750 3014 iucunde
772 2948 861 3028 esee’,
884 2947 972 3032 quod
993 2947 1081 3033 apud
1097 2947 1284 3013 Ciceronem

152 3058 187 3123 in
218 3059 365 3125 oratione
395 3079 457 3143 pro
486 3078 563 3142 rege
592 3059 748 3125 Deiotaro
776 3059 891 3125 habita
920 3065 1043 3141 exstat,
1072 3060 1164 3126 ‘bene
1195 3059 1285 3141 esse',

153 3170 220 3236 alia
242 3169 300 3240 cir.
322 3170 461 3255 Rebling
480 3171 501 3236 1.
524 3171 544 3235 l.
563 3193 594 3255 p.
620 3176 676 3253 11,
707 3175 853 3237 attamen
882 3170 1027 3237 crebrior
1049 3176 1082 3237 et
1104 3158 1286 3256 expeditior

153 3281 263 3348 evadit
282 3282 337 3347 hic
356 3305 435 3349 6666
462 3283 496 3348 16
520 3282 561 3348 iis
583 3282 692 3364 libris,
721 3283 778 3368 qui
800 3303 979 3350 sermonem
1001 3283 1214 3350 cottidianum
1235 3305 1287 3350 re-

154 3394 290 3477 161661,
302 3394 337 3459 16
358 3394 401 3461 iie¹
420 3394 520 3480 igitur
536 3394 683 3479 epistulis
699 3396 848 3477 maxime,
870 3416 952 3480 quas
974 3395 1086 3462 Cicero
1110 3395 1152 3461 ad
1166 3396 1287 3462 amicos

154 3507 205 3573 vsl
225 3506 425 3591 propinquos
447 3505 545 3573 dedit.
589 3508 661 3574 Hae
684 3507 842 3593 epistulae
871 3512 1053 3574 structuras
1074 3507 1286 3589 adverbiales,

154 3638 239 3702 quae
260 3618 339 3707 alibi
361 3639 521 3703 nusquam
541 3619 593 3686 vel
620 3640 696 3686 raro
724 3604 907 3704 leguntur,
925 3619 1093 3701 exhibent3
1123 3619 1209 3686 inter
1231 3641 1287 3685 666

154 3731 337 3797 enumerari
357 3736 481 3815 potest:

256 3846 346 3908 tuto
370 3863 473 3925 esse,
496 3841 584 3929 quod
605 3844 693 3929 apud
715 3844 852 3911 Brutum
873 3848 981 3910 exstat
1003 3845 1049 3910 XI
1073 3849 1100 3924 l,
1125 3850 1139 3911 1
1165 3844 1286 3910 ‘aiebat

259 4051 285 4118 l)
302 4049 350 4103 Ad
368 4050 507 4105 orationes
534 4050 677 4106 Oiceronis
702 4051 753 4106 cfr.
776 4050 922 4106 Hellmuth
940 4053 993 4105 aot.
1010 4049 1124 4120 Edang.
1142 4049 1159 4105 I
1176 4069 1203 4120 p.
1223 4052 1287 4120 1353

152 4136 299 4205 Landgraf
320 4135 374 4190 ‘Pa
393 4134 486 4205 Quint.
505 4140 534 4191 et
551 4155 593 4207 pr.
610 4136 694 4193 Rosc.
711 4137 756 4192 A!
781 4156 808 4208 p.
826 4140 874 4206 38,
897 4137 933 4191 ad
953 4137 1085 4206 epistulas
1104 4136 1154 4191 cfr.
1174 4135 1287 4192 Stinner

150 4223 169 4278 l.
188 4222 206 4278 l.
225 4240 253 4292 p.
270 4223 304 4276 23
312 4239 333 4276 6.
