2864 4800
603 449 816 509 ..12-

146 616 389 710 Spriichwdrter
409 617 475 681 und
503 617 786 701 spriichwdrtliche
820 612 1040 682 Redensarten
1062 617 1119 680 der
1142 616 1270 680 Riimer'

147 728 252 812 Leipz.
278 734 360 794 1890
381 751 412 812 p.
438 735 507 794 146.
552 729 586 792 ‘F
588 750 701 794 renum
722 729 879 794 mordere’
900 729 941 793 ab
965 750 1048 811 equo
1070 729 1126 812 qui
1145 728 1273 793 frenum

148 839 297 905 dentibus
326 845 438 905 tenens
467 840 568 923 equiti
597 846 771 925 repugnat,
808 841 850 905 ad
877 841 1038 905 hominem
1070 840 1209 905 ferocem
1239 845 1275 904 et

146 951 235 1017 iussa
261 951 495 1017 detrectantem
523 953 717 1018 translatum
745 952 864 1036 legitur
892 957 1024 1036 praeter
1051 951 1138 1016 hunc
1165 951 1273 1015 locum

148 1064 235 1147 apud
256 1064 441 1129 Ciceronem
453 1064 479 1149 1)
502 1065 544 1129 ad
566 1063 640 1129 lam.
664 1064 710 1129 XI
725 1070 775 1144 24,
800 1071 814 1129 l
840 1064 920 1150 [sed
942 1069 979 1128 05
1001 1084 1120 1143 mones,
1144 1063 1273 1128 frenum

32 1260 34 1265 Ι
147 1175 338 1262 momordi'],
362 1197 427 1259 qua
449 1177 588 1261 epistula
608 1177 711 1242 Bruto
728 1177 918 1261 respondet3
941 1176 1028 1260 apud
1045 1175 1147 1259 Apoll.
1164 1175 1274 1240 Sidon.

147 1308 196 1371 ep.
224 1287 270 1352 IX
294 1293 362 1367 6,2
391 1288 514 1373 [5001051
544 1288 652 1354 frenos
688 1288 900 1373 momordit'];
936 1288 1072 1353 similem
1108 1288 1273 1352 notionem

147 1398 248 1464 habet
268 1398 349 1464 illud
370 1399 457 1484 apud
473 1400 507 1464 L.
531 1401 610 1465 Ann.
628 1401 737 1466 Senec.
757 1400 797 1464 de
812 1400 987 1484 Tranquill.
1003 1400 1102 1464 animi
1117 1399 1175 1463 XV
1188 1399 1208 1462 i.
1220 1399 1274 1466 fin.

147 1511 338 1596 [‘D'esciscat
368 1516 496 1596 oportet
525 1532 545 1576 a
571 1511 667 1576 solito
691 1517 724 1577 et
743 1510 897 1577 efferatur
926 1518 959 1577 et
987 1511 1135 1576 mordeat
1164 1510 1274 1575 frenos

147 1628 180 1687 et
200 1628 359 1688 rectorem
381 1624 490 1708 rapiat
508 1623 633 1708 suum’].
678 1625 721 1689 At
742 1623 807 1688 alia
828 1625 859 1688 vi
878 1624 1063 1708 praeditum
1078 1655 1122 1676 =
1136 1623 1273 1687 ‘frenum

147 1735 303 1818 accipere'
327 1735 458 1820 [Vergil.
481 1735 562 1823 Lin]
584 1741 692 1801 exstat
713 1736 848 1801 ‘frenum
871 1736 1027 1801 mordere’
1050 1735 1137 1818 apud
1157 1734 1273 1798 Tibull.

146 1847 213 1925 13,
243 1851 283 1911 42
314 1847 409 1933 [‘Non
440 1846 561 1913 domito
591 1848 700 1913 frenos
730 1869 785 1913 ore
812 1848 985 1912 momordit
1014 1847 1155 1931 equus']·,
1187 1845 1275 1929 apud

148 1958 228 2022 Stat.
252 1959 415 2037 811012,
439 1964 479 2025 28
509 1958 632 2044 [subiit
658 1959 746 2042 leges
775 1964 807 2024 et
835 1957 927 2024 frena
949 1959 1121 2037 momordit
1141 1957 1199 2022 Ille
1223 1978 1274 2022 so-

146 2069 234 2135 lutus
256 2071 380 2155 amor’].
424 2071 514 2136 Haec
542 2071 679 2150 locutio,
708 2093 804 2155 quam
834 2072 1008 2154 scriptores
1038 2075 1113 2135 ante
1136 2069 1274 2133 Brutum

147 2203 306 2265 nusquam
328 2183 514 2266 proferunt,
546 2204 563 2248 0
592 2204 738 2249 sermone
768 2184 896 2267 poetico
922 2183 1049 2247 videtur
1069 2182 1103 2245 in
1125 2180 1274 2245 cottidia-

147 2315 224 2373 num
244 2294 419 2376 influxisse,
444 2296 562 2380 quippe
585 2296 641 2379 qui
662 2295 829 2360 translatis
850 2293 1024 2379 phrasibus
1041 2293 1180 2358 libenter
1202 2298 1275 2357 uta-

148 2411 218 2488 tur;
242 2406 298 2471 cfr.
321 2407 489 2474 Antibarb.
512 2409 528 2473 1
548 2431 579 2492 p.
603 2414 674 2474 555.

250 2518 416 2585 tollere:
439 2520 485 2584 XI
509 2525 558 2599 20,
577 2526 591 2584 l
617 2520 687 2586 ‘nisi
710 2519 832 2584 dictum
849 2518 936 2602 quod
955 2517 1079 2582 diceret
1096 2521 1130 2581 te
1145 2516 1275 2595 dixisse,

147 2629 345 2696 laudandum
367 2632 623 2712 adulescentem,
653 2630 848 2710 ornandum,
877 2628 1117 2710 tollendum3
1148 2649 1181 2693 se
1210 2648 1276 2691 non

148 2763 218 2807 esse
256 2744 515 2824 commissurum,
551 2749 589 2808 ut
621 2743 692 2808 tolli
730 2743 857 2827 posset’,
893 2762 1006 2807 ausser
1033 2741 1108 2805 dass
1148 2740 1191 2804 du
1221 2760 1275 2822 ge-

149 2857 277 2919 tiussert
304 2855 435 2921 habest:
471 2856 545 2920 dem
569 2857 691 2941 jungen
720 2855 836 2920 Manne
864 2859 970 2919 miisse
1004 2873 1079 2917 man
1111 2851 1178 2916 Lob
1209 2851 1277 2916 und

148 2965 234 3031 Ehre
257 2967 456 3050 angedeihen
486 2968 594 3033 lassen
625 2967 691 3032 und
719 2966 909 3047 forthelfen3
939 2987 974 3030 er
1002 2965 1107 3030 werde
1131 2985 1165 3028 es
1185 2963 1278 3027 nicht

150 3077 249 3142 dahin
272 3077 421 3144 kommen
441 3079 564 3160 lassen,
584 3079 659 3144 dass
681 3100 756 3143 man
777 3078 845 3142 ihm
865 3076 1026 3142 forthelfe.
1070 3076 1182 3141 Sermo
1208 3081 1275 3140 cot·

149 3189 292 3254 tidianus
315 3191 488 3271 vocabulis,
512 3191 539 3256 01
560 3190 631 3255 fieri
647 3195 772 3275 potest,
794 3190 858 3254 vim
878 3189 1010 3254 dubiam
1033 3188 1198 3271 supponit3
1229 3188 1278 3251 ita

149 3301 245 3366 huius
261 3301 351 3367 verbi
367 3303 611 3387 ambignitatem
621 3303 657 3387 2).
700 3303 821 3368 Brutus
843 3322 883 3366 ex
901 3301 987 3366 vitae
1001 3321 1062 3365 usu
1079 3299 1277 3371 cottidianae

149 3413 257 3478 nescio
280 3434 322 3478 an
344 3414 498 3480 hauserit.

253 3527 284 3610 e)
307 3526 347 3591 de
368 3527 474 3593 verbis
497 3527 683 3612 compositis
706 3546 881 3609 eorumque
901 3524 1081 3589 structuris.

254 3639 547 3704 commendare:
575 3639 622 3704 XI
644 3645 692 3719 10,
719 3644 738 3702 2
770 3638 859 3703 ‘satis
886 3621 938 3701 me
969 3635 1072 3700 multa
1101 3635 1278 3718 scripsisse,

152 3769 235 3830 quae
256 3749 373 3815 litteris
395 3752 612 3816 commendari
641 3751 780 3835 possint,
811 3748 969 3828 arbitror,
999 3748 1065 3813 scio
1095 3748 1195 3826 enim,
1226 3748 1278 3811 oui

254 3983 281 4050 1)
300 3982 354 4036 Cir.
372 3983 477 4053 Hoppe
495 3981 545 4037 ‘Zu
562 3983 616 4038 den
626 3983 811 4052 Fragmenten
830 4001 855 4036 u.
870 3981 895 4036 d.
909 3980 1033 4051 Sprache
1052 3979 1180 4034 Ciceros'.
1197 3979 1278 4048 Prgr.

153 4067 328 4123 (lumbinnen
347 4071 413 4123 1875
431 4087 458 4138 p.
480 4073 503 4122 7.
835 4134 837 4138 Α

254 4156 281 4222 2)
303 4155 381 4209 Loco
400 4156 492 4224 priore
516 4157 544 4208 in
561 4157 646 4210 verbo
671 4155 785 4209 ‘tollere’
812 4156 882 4208 inest
907 4153 1119 4206 01010οΕ1000
1141 4150 1278 4218 erheben’,

153 4240 239 4294 altero
260 4241 322 4293 loco
343 4242 399 4295 ‘aus
418 4241 482 4294 dem
501 4241 588 4312 Wege
606 4240 735 4294 ndumen’.
