<?xml version="1.0" encoding="UTF-8"?>
<!DOCTYPE html PUBLIC "-//W3C//DTD XHTML 1.0 Transitional//EN"
    "http://www.w3.org/TR/xhtml1/DTD/xhtml1-transitional.dtd">
<html xmlns="http://www.w3.org/1999/xhtml" xml:lang="en" lang="en">
 <head>
  <title>
</title>
<meta http-equiv="Content-Type" content="text/html;charset=utf-8" />
  <meta name='ocr-system' content='tesseract 3.04.00' />
  <meta name='ocr-capabilities' content='ocr_page ocr_carea ocr_par ocr_line ocrx_word'/>
</head>
<body>
  <div class='ocr_page' id='page_1' title='image "./dedjuniibrutige00gebhgoog_0032.png"; bbox 0 0 2864 4800; ppageno 0'>
   <div class='ocr_carea' id='block_1_1' title="bbox 560 426 774 486">
    <p class='ocr_par' dir='ltr' id='par_1_1' title="bbox 560 426 774 486">
     <span class='ocr_line' id='line_1_1' title="bbox 560 426 774 486; baseline 0 -15"><span class='ocrx_word' id='word_1_1' title='bbox 560 426 774 486; x_wconf 74' lang='lat'><strong>..27-</strong></span> 
     </span>
    </p>
   </div>
   <div class='ocr_carea' id='block_1_2' title="bbox 103 591 1233 1015">
    <p class='ocr_par' dir='ltr' id='par_1_2' title="bbox 103 591 1233 1015">
     <span class='ocr_line' id='line_1_2' title="bbox 104 591 1232 678; baseline 0.001 -21"><span class='ocrx_word' id='word_1_2' title='bbox 104 597 320 676; x_wconf 80' lang='lat' dir='ltr'><strong>ansgeriistet,</strong></span> <span class='ocrx_word' id='word_1_3' title='bbox 342 615 402 658; x_wconf 91' lang='lat' dir='ltr'><strong>uns</strong></span> <span class='ocrx_word' id='word_1_4' title='bbox 423 591 477 658; x_wconf 81' lang='lat' dir='ltr'><strong>fiir</strong></span> <span class='ocrx_word' id='word_1_5' title='bbox 491 614 568 658; x_wconf 91' lang='lat' dir='ltr'><strong>eure</strong></span> <span class='ocrx_word' id='word_1_6' title='bbox 586 593 769 658; x_wconf 85' lang='lat' dir='ltr'><strong>Wohlfahrt</strong></span> <span class='ocrx_word' id='word_1_7' title='bbox 790 614 892 678; x_wconf 80' lang='lat' dir='ltr'><strong>gagen</strong></span> <span class='ocrx_word' id='word_1_8' title='bbox 909 594 1002 659; x_wconf 89' lang='lat' dir='ltr'><strong>einen</strong></span> <span class='ocrx_word' id='word_1_9' title='bbox 1024 615 1060 659; x_wconf 91' lang='grc'><strong>66</strong></span> <span class='ocrx_word' id='word_1_10' title='bbox 1075 593 1232 660; x_wconf 89' lang='lat' dir='ltr'><strong>heillcscn</strong></span> 
     </span>
     <span class='ocr_line' id='line_1_3' title="bbox 103 704 1233 790; baseline 0.002 -20"><span class='ocrx_word' id='word_1_11' title='bbox 103 704 198 770; x_wconf 91' lang='lat' dir='ltr'><strong>Bund</strong></span> <span class='ocrx_word' id='word_1_12' title='bbox 228 727 290 770; x_wconf 85' lang='lat' dir='ltr'><strong>von</strong></span> <span class='ocrx_word' id='word_1_13' title='bbox 320 704 462 771; x_wconf 82' lang='lat' dir='ltr'><strong>Feinden</strong></span> <span class='ocrx_word' id='word_1_14' title='bbox 490 705 643 790; x_wconf 79' lang='lat' dir='ltr'><strong>schlagen</strong></span> <span class='ocrx_word' id='word_1_15' title='bbox 666 705 803 771; x_wconf 79' lang='lat' dir='ltr'><strong>kbnnsn.</strong></span> <span class='ocrx_word' id='word_1_16' title='bbox 836 743 878 754; x_wconf 93' lang='lat'><em>-</em></span> <span class='ocrx_word' id='word_1_17' title='bbox 903 704 953 771; x_wconf 83' lang='lat' dir='ltr'><strong>Ab</strong></span> <span class='ocrx_word' id='word_1_18' title='bbox 983 705 1146 772; x_wconf 82' lang='lat' dir='ltr'><strong>scribendi</strong></span> <span class='ocrx_word' id='word_1_19' title='bbox 1171 729 1233 772; x_wconf 94' lang='lat' dir='ltr'><strong>usu</strong></span> 
     </span>
     <span class='ocr_line' id='line_1_4' title="bbox 103 804 1233 903; baseline 0.002 -22"><span class='ocrx_word' id='word_1_20' title='bbox 103 817 249 901; x_wconf 86' lang='lat' dir='ltr'><strong>priorum</strong></span> <span class='ocrx_word' id='word_1_21' title='bbox 271 818 465 902; x_wconf 82' lang='lat' dir='ltr'><strong>scriptorum</strong></span> <span class='ocrx_word' id='word_1_22' title='bbox 494 817 712 902; x_wconf 85' lang='lat' dir='ltr'><strong>‘conspiratio’</strong></span> <span class='ocrx_word' id='word_1_23' title='bbox 741 819 875 902; x_wconf 83' lang='lat' dir='ltr'><strong>prorsus</strong></span> <span class='ocrx_word' id='word_1_24' title='bbox 896 804 1036 900; x_wconf 75' lang='grc'>66666111,</span> <span class='ocrx_word' id='word_1_25' title='bbox 1066 817 1154 903; x_wconf 88' lang='lat' dir='ltr'><strong>apud</strong></span> <span class='ocrx_word' id='word_1_26' title='bbox 1182 817 1233 883; x_wconf 86' lang='lat' dir='ltr'><strong>ci-</strong></span> 
     </span>
     <span class='ocr_line' id='line_1_5' title="bbox 104 928 1232 1015; baseline 0 -21"><span class='ocrx_word' id='word_1_27' title='bbox 104 949 254 995; x_wconf 89' lang='lat' dir='ltr'><strong>ceronem</strong></span> <span class='ocrx_word' id='word_1_28' title='bbox 281 930 388 1015; x_wconf 88' lang='lat' dir='ltr'><strong>prima</strong></span> <span class='ocrx_word' id='word_1_29' title='bbox 418 929 565 1015; x_wconf 89' lang='lat' dir='ltr'><strong>exempla</strong></span> <span class='ocrx_word' id='word_1_30' title='bbox 592 929 813 1011; x_wconf 84' lang='lat' dir='ltr'><strong>inveniuntur;</strong></span> <span class='ocrx_word' id='word_1_31' title='bbox 843 928 930 1015; x_wconf 87' lang='lat' dir='ltr'><strong>apud</strong></span> <span class='ocrx_word' id='word_1_32' title='bbox 961 951 1035 996; x_wconf 92' lang='lat' dir='ltr'><strong>eum</strong></span> <span class='ocrx_word' id='word_1_33' title='bbox 1056 931 1141 996; x_wconf 89' lang='lat' dir='ltr'><strong>sicut</strong></span> <span class='ocrx_word' id='word_1_34' title='bbox 1162 951 1232 996; x_wconf 86' lang='lat' dir='ltr'><strong>ver·</strong></span> 
     </span>
    </p>
   </div>
   <div class='ocr_carea' id='block_1_3' title="bbox 104 1036 1365 1128">
    <p class='ocr_par' dir='ltr' id='par_1_3' title="bbox 104 1036 1365 1128">
     <span class='ocr_line' id='line_1_6' title="bbox 104 1036 1365 1128; baseline 0.001 -22"><span class='ocrx_word' id='word_1_35' title='bbox 104 1039 181 1106; x_wconf 90' lang='lat' dir='ltr'><strong>bum</strong></span> <span class='ocrx_word' id='word_1_36' title='bbox 211 1041 428 1126; x_wconf 85' lang='lat' dir='ltr'><strong>‘conspirare’,</strong></span> <span class='ocrx_word' id='word_1_37' title='bbox 459 1042 508 1107; x_wconf 91' lang='lat' dir='ltr'><strong>ita</strong></span> <span class='ocrx_word' id='word_1_38' title='bbox 536 1043 653 1108; x_wconf 88' lang='lat' dir='ltr'><strong>nomen</strong></span> <span class='ocrx_word' id='word_1_39' title='bbox 683 1041 899 1127; x_wconf 88' lang='lat' dir='ltr'><strong>‘conspiratio’</strong></span> <span class='ocrx_word' id='word_1_40' title='bbox 930 1062 1057 1128; x_wconf 87' lang='lat' dir='ltr'><strong>semper</strong></span> <span class='ocrx_word' id='word_1_41' title='bbox 1087 1041 1173 1108; x_wconf 90' lang='lat' dir='ltr'><strong>bona</strong></span> <span class='ocrx_word' id='word_1_42' title='bbox 1201 1042 1233 1107; x_wconf 82' lang='lat' dir='ltr'><strong>vi</strong></span> <span class='ocrx_word' id='word_1_43' title='bbox 1362 1036 1365 1051; x_wconf 78' lang='lat'><em>&#39;</em></span> 
     </span>
    </p>
   </div>
   <div class='ocr_carea' id='block_1_4' title="bbox 103 1151 1314 1911">
    <p class='ocr_par' dir='ltr' id='par_1_4' title="bbox 103 1151 1314 1911">
     <span class='ocr_line' id='line_1_7' title="bbox 103 1151 1232 1239; baseline 0.003 -23"><span class='ocrx_word' id='word_1_44' title='bbox 103 1151 288 1236; x_wconf 89' lang='lat' dir='ltr'><strong>praeditum</strong></span> <span class='ocrx_word' id='word_1_45' title='bbox 314 1158 434 1235; x_wconf 83' lang='lat' dir='ltr'><strong>exstat3</strong></span> <span class='ocrx_word' id='word_1_46' title='bbox 463 1152 512 1234; x_wconf 89' lang='lat' dir='ltr'><strong>id,</strong></span> <span class='ocrx_word' id='word_1_47' title='bbox 541 1153 629 1238; x_wconf 88' lang='lat' dir='ltr'><strong>quod</strong></span> <span class='ocrx_word' id='word_1_48' title='bbox 658 1153 805 1220; x_wconf 85' lang='lat' dir='ltr'><strong>Schmalz</strong></span> <span class='ocrx_word' id='word_1_49' title='bbox 835 1154 960 1220; x_wconf 75' lang='lat' dir='ltr'><strong>‘Vatin’</strong></span> <span class='ocrx_word' id='word_1_50' title='bbox 989 1175 1020 1239; x_wconf 93' lang='lat' dir='ltr'><strong>p.</strong></span> <span class='ocrx_word' id='word_1_51' title='bbox 1048 1159 1099 1235; x_wconf 86' lang='lat'><strong>41,</strong></span> <span class='ocrx_word' id='word_1_52' title='bbox 1131 1153 1232 1219; x_wconf 83' lang='lat' dir='ltr'><strong>‘Anti-</strong></span> 
     </span>
     <span class='ocr_line' id='line_1_8' title="bbox 104 1262 1232 1352; baseline 0.001 -23"><span class='ocrx_word' id='word_1_53' title='bbox 104 1262 206 1330; x_wconf 86' lang='lat' dir='ltr'><strong>barb.‘</strong></span> <span class='ocrx_word' id='word_1_54' title='bbox 231 1265 247 1330; x_wconf 94' lang='grc' dir='ltr'>Ι</span> <span class='ocrx_word' id='word_1_55' title='bbox 267 1287 299 1350; x_wconf 91' lang='grc'><strong>6.</strong></span> <span class='ocrx_word' id='word_1_56' title='bbox 323 1271 385 1331; x_wconf 90' lang='lat'><strong>310</strong></span> <span class='ocrx_word' id='word_1_57' title='bbox 419 1287 460 1331; x_wconf 84' lang='lat' dir='ltr'><strong>ex</strong></span> <span class='ocrx_word' id='word_1_58' title='bbox 481 1265 744 1332; x_wconf 91' lang='lat' dir='ltr'><strong>annotationibus</strong></span> <span class='ocrx_word' id='word_1_59' title='bbox 765 1287 786 1332; x_wconf 98' lang='lat' dir='ltr'><strong>a</strong></span> <span class='ocrx_word' id='word_1_60' title='bbox 813 1266 932 1351; x_wconf 87' lang='lat' dir='ltr'><strong>Zumpt</strong></span> <span class='ocrx_word' id='word_1_61' title='bbox 952 1265 1009 1352; x_wconf 85' lang='lat' dir='ltr'><strong>[ad</strong></span> <span class='ocrx_word' id='word_1_62' title='bbox 1032 1266 1095 1333; x_wconf 85' lang='lat' dir='ltr'><strong>Gic.</strong></span> <span class='ocrx_word' id='word_1_63' title='bbox 1118 1265 1148 1332; x_wconf 88' lang='lat' dir='ltr'><strong>d.</strong></span> <span class='ocrx_word' id='word_1_64' title='bbox 1170 1265 1232 1350; x_wconf 80' lang='lat' dir='ltr'><strong>leg.</strong></span> 
     </span>
     <span class='ocr_line' id='line_1_9' title="bbox 104 1376 1231 1464; baseline 0.001 -22"><span class='ocrx_word' id='word_1_65' title='bbox 104 1397 172 1461; x_wconf 79' lang='lat' dir='ltr'><strong>agr.</strong></span> <span class='ocrx_word' id='word_1_66' title='bbox 194 1399 225 1462; x_wconf 91' lang='lat' dir='ltr'><strong>p.</strong></span> <span class='ocrx_word' id='word_1_67' title='bbox 249 1378 304 1464; x_wconf 91' lang='grc'><strong>22]</strong></span> <span class='ocrx_word' id='word_1_68' title='bbox 334 1383 367 1443; x_wconf 92' lang='grc'><strong>61</strong></span> <span class='ocrx_word' id='word_1_69' title='bbox 395 1377 437 1444; x_wconf 90' lang='lat' dir='ltr'><strong>ab</strong></span> <span class='ocrx_word' id='word_1_70' title='bbox 466 1377 810 1445; x_wconf 59' lang='lat' dir='ltr'><strong>Hofmannmndresen</strong></span> <span class='ocrx_word' id='word_1_71' title='bbox 840 1378 898 1464; x_wconf 87' lang='lat' dir='ltr'><strong>[ad</strong></span> <span class='ocrx_word' id='word_1_72' title='bbox 926 1376 990 1446; x_wconf 83' lang='lat' dir='ltr'><strong>Cic.</strong></span> <span class='ocrx_word' id='word_1_73' title='bbox 1017 1379 1093 1444; x_wconf 87' lang='lat' dir='ltr'><strong>fam.</strong></span> <span class='ocrx_word' id='word_1_74' title='bbox 1118 1383 1168 1458; x_wconf 87' lang='lat'><strong>10,</strong></span> <span class='ocrx_word' id='word_1_75' title='bbox 1193 1383 1231 1443; x_wconf 97' lang='grc'><strong>12</strong></span> 
     </span>
     <span class='ocr_line' id='line_1_10' title="bbox 104 1489 1233 1575; baseline 0.003 -22"><span class='ocrx_word' id='word_1_76' title='bbox 104 1512 135 1573; x_wconf 89' lang='lat' dir='ltr'><strong>p.</strong></span> <span class='ocrx_word' id='word_1_77' title='bbox 161 1489 235 1575; x_wconf 84' lang='lat'>164]</span> <span class='ocrx_word' id='word_1_78' title='bbox 257 1489 352 1556; x_wconf 81' lang='lat' dir='ltr'><strong>factis</strong></span> <span class='ocrx_word' id='word_1_79' title='bbox 366 1489 456 1556; x_wconf 85' lang='lat' dir='ltr'><strong>dixit.</strong></span> <span class='ocrx_word' id='word_1_80' title='bbox 499 1490 621 1557; x_wconf 81' lang='lat' dir='ltr'>Tamen</span> <span class='ocrx_word' id='word_1_81' title='bbox 640 1490 694 1556; x_wconf 90' lang='lat' dir='ltr'><strong>hic</strong></span> <span class='ocrx_word' id='word_1_82' title='bbox 714 1490 763 1555; x_wconf 87' lang='lat' dir='ltr'><strong>vir</strong></span> <span class='ocrx_word' id='word_1_83' title='bbox 778 1489 894 1556; x_wconf 91' lang='lat' dir='ltr'><strong>doctus</strong></span> <span class='ocrx_word' id='word_1_84' title='bbox 908 1490 986 1556; x_wconf 90' lang='lat' dir='ltr'><strong>mihi</strong></span> <span class='ocrx_word' id='word_1_85' title='bbox 1002 1490 1130 1556; x_wconf 84' lang='lat' dir='ltr'><strong>videtur</strong></span> <span class='ocrx_word' id='word_1_86' title='bbox 1144 1489 1233 1556; x_wconf 87' lang='lat' dir='ltr'><strong>baud</strong></span> 
     </span>
     <span class='ocr_line' id='line_1_11' title="bbox 104 1601 1233 1686; baseline 0.001 -20"><span class='ocrx_word' id='word_1_87' title='bbox 104 1601 231 1666; x_wconf 85' lang='lat' dir='ltr'><strong>novisse</strong></span> <span class='ocrx_word' id='word_1_88' title='bbox 251 1623 300 1686; x_wconf 90' lang='lat' dir='ltr'><strong>pr.</strong></span> <span class='ocrx_word' id='word_1_89' title='bbox 323 1602 446 1669; x_wconf 82' lang='lat' dir='ltr'><strong>Scauro</strong></span> <span class='ocrx_word' id='word_1_90' title='bbox 472 1608 520 1683; x_wconf 92' lang='grc'><strong>10,</strong></span> <span class='ocrx_word' id='word_1_91' title='bbox 550 1608 591 1668; x_wconf 92' lang='grc'><strong>20</strong></span> <span class='ocrx_word' id='word_1_92' title='bbox 622 1607 695 1667; x_wconf 91' lang='lat' dir='ltr'><strong>‘non</strong></span> <span class='ocrx_word' id='word_1_93' title='bbox 724 1623 820 1686; x_wconf 82' lang='lat' dir='ltr'><strong>agam</strong></span> <span class='ocrx_word' id='word_1_94' title='bbox 851 1603 952 1686; x_wconf 81' lang='lat' dir='ltr'><strong>igitur</strong></span> <span class='ocrx_word' id='word_1_95' title='bbox 979 1624 1052 1668; x_wconf 92' lang='lat' dir='ltr'><strong>cum</strong></span> <span class='ocrx_word' id='word_1_96' title='bbox 1074 1602 1139 1667; x_wconf 86' lang='lat' dir='ltr'><strong>ista</strong></span> <span class='ocrx_word' id='word_1_97' title='bbox 1158 1601 1233 1667; x_wconf 86' lang='lat' dir='ltr'><strong>Sar·</strong></span> 
     </span>
     <span class='ocr_line' id='line_1_12' title="bbox 104 1713 1234 1799; baseline -0.002 -18"><span class='ocrx_word' id='word_1_98' title='bbox 104 1714 220 1781; x_wconf 91' lang='lat' dir='ltr'><strong>dorum</strong></span> <span class='ocrx_word' id='word_1_99' title='bbox 237 1714 475 1798; x_wconf 81' lang='lat' dir='ltr'><strong>conspiratione</strong></span> <span class='ocrx_word' id='word_1_100' title='bbox 496 1719 529 1780; x_wconf 93' lang='lat' dir='ltr'><strong>et</strong></span> <span class='ocrx_word' id='word_1_101' title='bbox 551 1735 624 1780; x_wconf 93' lang='lat' dir='ltr'><strong>cum</strong></span> <span class='ocrx_word' id='word_1_102' title='bbox 642 1735 794 1799; x_wconf 87' lang='lat' dir='ltr'><strong>expresso</strong></span> <span class='ocrx_word' id='word_1_103' title='bbox 815 1720 849 1780; x_wconf 90' lang='lat' dir='ltr'><strong>et</strong></span> <span class='ocrx_word' id='word_1_104' title='bbox 865 1718 978 1781; x_wconf 89' lang='lat' dir='ltr'><strong>coacto</strong></span> <span class='ocrx_word' id='word_1_105' title='bbox 994 1713 1234 1798; x_wconf 90' lang='lat' dir='ltr'><strong>sollicitatoque</strong></span> 
     </span>
     <span class='ocr_line' id='line_1_13' title="bbox 104 1825 1314 1911; baseline -0.002 -19"><span class='ocrx_word' id='word_1_106' title='bbox 104 1825 248 1911; x_wconf 82' lang='lat' dir='ltr'><strong>periurio</strong></span> <span class='ocrx_word' id='word_1_107' title='bbox 271 1825 434 1892; x_wconf 80' lang='lat' dir='ltr'><strong>subtiliter</strong></span> <span class='ocrx_word' id='word_1_108' title='bbox 453 1847 557 1911; x_wconf 90' lang='lat' dir='ltr'><strong>neque</strong></span> <span class='ocrx_word' id='word_1_109' title='bbox 586 1847 648 1891; x_wconf 91' lang='lat' dir='ltr'><strong>acu</strong></span> <span class='ocrx_word' id='word_1_110' title='bbox 669 1825 830 1910; x_wconf 77' lang='lat' dir='ltr'><strong>quaedam</strong></span> <span class='ocrx_word' id='word_1_111' title='bbox 852 1827 1022 1893; x_wconf 88' lang='lat' dir='ltr'><strong>enucleata</strong></span> <span class='ocrx_word' id='word_1_112' title='bbox 1042 1831 1234 1910; x_wconf 78' lang='lat' dir='ltr'><strong>argumenta</strong></span> <span class='ocrx_word' id='word_1_113' title='bbox 1310 1844 1314 1851; x_wconf 85' lang='grc'><strong>’</strong></span> 
     </span>
    </p>
   </div>
   <div class='ocr_carea' id='block_1_5' title="bbox 105 1938 1368 2024">
    <p class='ocr_par' dir='ltr' id='par_1_5' title="bbox 105 1938 1368 2024">
     <span class='ocr_line' id='line_1_14' title="bbox 105 1938 1368 2024; baseline 0 -20"><span class='ocrx_word' id='word_1_114' title='bbox 105 1938 321 2023; x_wconf 89' lang='lat' dir='ltr'><strong>conquiram&#39;;</strong></span> <span class='ocrx_word' id='word_1_115' title='bbox 342 1960 390 2023; x_wconf 92' lang='lat' dir='ltr'><strong>pr.</strong></span> <span class='ocrx_word' id='word_1_116' title='bbox 411 1939 566 2005; x_wconf 88' lang='lat' dir='ltr'><strong>Deiotaro</strong></span> <span class='ocrx_word' id='word_1_117' title='bbox 576 1938 601 2023; x_wconf 87' lang='lat'><strong>¹)</strong></span> <span class='ocrx_word' id='word_1_118' title='bbox 624 1944 653 2020; x_wconf 82' lang='lat'><strong>4,</strong></span> <span class='ocrx_word' id='word_1_119' title='bbox 678 1943 714 2004; x_wconf 90' lang='lat'><strong>11</strong></span> <span class='ocrx_word' id='word_1_120' title='bbox 739 1938 829 2003; x_wconf 89' lang='lat' dir='ltr'><strong>‘nihil</strong></span> <span class='ocrx_word' id='word_1_121' title='bbox 851 1938 893 2005; x_wconf 92' lang='lat' dir='ltr'><strong>de</strong></span> <span class='ocrx_word' id='word_1_122' title='bbox 914 1939 1154 2024; x_wconf 74' lang='lat' dir='ltr'><strong>conspiratione</strong></span> <span class='ocrx_word' id='word_1_123' title='bbox 1176 1959 1234 2004; x_wconf 90' lang='lat' dir='ltr'><strong>au·</strong></span> <span class='ocrx_word' id='word_1_124' title='bbox 1364 1959 1368 1963; x_wconf 87' lang='lat'>·</span> 
     </span>
    </p>
   </div>
   <div class='ocr_carea' id='block_1_6' title="bbox 104 2049 1312 3930">
    <p class='ocr_par' dir='ltr' id='par_1_6' title="bbox 104 2049 1241 3258">
     <span class='ocr_line' id='line_1_15' title="bbox 105 2049 1233 2135; baseline 0 -20"><span class='ocrx_word' id='word_1_125' title='bbox 105 2049 218 2116; x_wconf 88' lang='lat' dir='ltr'><strong>diebat</strong></span> <span class='ocrx_word' id='word_1_126' title='bbox 245 2055 407 2119; x_wconf 85' lang='lat' dir='ltr'><strong>certorum</strong></span> <span class='ocrx_word' id='word_1_127' title='bbox 432 2049 1086 2135; x_wconf 71' lang='grc'>16616666661661116611616616666,</span> <span class='ocrx_word' id='word_1_128' title='bbox 1116 2049 1233 2135; x_wconf 91' lang='lat' dir='ltr'><strong>quibus</strong></span> 
     </span>
     <span class='ocr_line' id='line_1_16' title="bbox 104 2162 1231 2249; baseline -0.002 -21"><span class='ocrx_word' id='word_1_129' title='bbox 104 2163 185 2229; x_wconf 90' lang='lat' dir='ltr'><strong>locis</strong></span> <span class='ocrx_word' id='word_1_130' title='bbox 220 2163 331 2228; x_wconf 82' lang='lat' dir='ltr'><strong>Cicero</strong></span> <span class='ocrx_word' id='word_1_131' title='bbox 367 2163 435 2229; x_wconf 91' lang='lat' dir='ltr'><strong>sins</strong></span> <span class='ocrx_word' id='word_1_132' title='bbox 465 2162 564 2229; x_wconf 89' lang='lat' dir='ltr'><strong>dubio</strong></span> <span class='ocrx_word' id='word_1_133' title='bbox 598 2163 719 2228; x_wconf 91' lang='lat' dir='ltr'><strong>nomini</strong></span> <span class='ocrx_word' id='word_1_134' title='bbox 755 2163 971 2249; x_wconf 76' lang='lat' dir='ltr'><strong>‘conspiratio’</strong></span> <span class='ocrx_word' id='word_1_135' title='bbox 1010 2163 1073 2228; x_wconf 86' lang='lat' dir='ltr'><strong>vim</strong></span> <span class='ocrx_word' id='word_1_136' title='bbox 1112 2162 1231 2227; x_wconf 90' lang='lat' dir='ltr'><strong>malam</strong></span> 
     </span>
     <span class='ocr_line' id='line_1_17' title="bbox 104 2273 1234 2360; baseline -0.003 -18"><span class='ocrx_word' id='word_1_137' title='bbox 104 2276 271 2360; x_wconf 90' lang='lat' dir='ltr'><strong>imponere</strong></span> <span class='ocrx_word' id='word_1_138' title='bbox 292 2275 368 2341; x_wconf 84' lang='lat' dir='ltr'><strong>vult</strong></span> <span class='ocrx_word' id='word_1_139' title='bbox 412 2275 525 2341; x_wconf 87' lang='lat' dir='ltr'><strong>Paullo</strong></span> <span class='ocrx_word' id='word_1_140' title='bbox 546 2281 623 2341; x_wconf 88' lang='lat' dir='ltr'><strong>ante</strong></span> <span class='ocrx_word' id='word_1_141' title='bbox 641 2277 820 2342; x_wconf 90' lang='lat' dir='ltr'><strong>oraticnem</strong></span> <span class='ocrx_word' id='word_1_142' title='bbox 841 2296 902 2360; x_wconf 89' lang='lat' dir='ltr'><strong>pro</strong></span> <span class='ocrx_word' id='word_1_143' title='bbox 917 2276 1071 2341; x_wconf 88' lang='lat' dir='ltr'><strong>Deiotaro</strong></span> <span class='ocrx_word' id='word_1_144' title='bbox 1087 2273 1234 2340; x_wconf 88' lang='lat' dir='ltr'><strong>habitam</strong></span> 
     </span>
     <span class='ocr_line' id='line_1_18' title="bbox 106 2387 1234 2473; baseline -0.002 -19"><span class='ocrx_word' id='word_1_145' title='bbox 106 2387 246 2473; x_wconf 86' lang='lat' dir='ltr'><strong>praebet</strong></span> <span class='ocrx_word' id='word_1_146' title='bbox 267 2388 403 2454; x_wconf 90' lang='lat' dir='ltr'><strong>eundem</strong></span> <span class='ocrx_word' id='word_1_147' title='bbox 431 2409 525 2454; x_wconf 92' lang='lat' dir='ltr'><strong>usum</strong></span> <span class='ocrx_word' id='word_1_148' title='bbox 547 2389 695 2454; x_wconf 86' lang='lat' dir='ltr'><strong>Vatinius</strong></span> <span class='ocrx_word' id='word_1_149' title='bbox 726 2387 943 2468; x_wconf 61' lang='grc'>16661111</span> <span class='ocrx_word' id='word_1_150' title='bbox 976 2394 1028 2453; x_wconf 76' lang='lat' dir='ltr'><strong>‘an</strong></span> <span class='ocrx_word' id='word_1_151' title='bbox 1049 2408 1163 2453; x_wconf 85' lang='lat' dir='ltr'><strong>verear</strong></span> <span class='ocrx_word' id='word_1_152' title='bbox 1184 2408 1234 2468; x_wconf 92' lang='grc'><strong>66,</strong></span> 
     </span>
     <span class='ocr_line' id='line_1_19' title="bbox 105 2499 1234 2597; baseline -0.001 -31"><span class='ocrx_word' id='word_1_153' title='bbox 105 2501 163 2585; x_wconf 90' lang='lat' dir='ltr'><strong>qui</strong></span> <span class='ocrx_word' id='word_1_154' title='bbox 183 2500 479 2597; x_wconf 86' lang='lat' dir='ltr'><strong>potentissimorum</strong></span> <span class='ocrx_word' id='word_1_155' title='bbox 501 2501 665 2567; x_wconf 90' lang='lat' dir='ltr'><strong>hominum</strong></span> <span class='ocrx_word' id='word_1_156' title='bbox 688 2501 959 2586; x_wconf 81' lang='lat' dir='ltr'><strong>conspirationem</strong></span> <span class='ocrx_word' id='word_1_157' title='bbox 973 2499 1153 2583; x_wconf 75' lang='lat' dir='ltr'><strong>neglexerit</strong></span> <span class='ocrx_word' id='word_1_158' title='bbox 1173 2519 1234 2583; x_wconf 87' lang='lat' dir='ltr'><strong>pro</strong></span> 
     </span>
     <span class='ocr_line' id='line_1_20' title="bbox 105 2612 1235 2697; baseline 0.001 -20"><span class='ocrx_word' id='word_1_159' title='bbox 105 2633 179 2678; x_wconf 91' lang='lat' dir='ltr'><strong>mea</strong></span> <span class='ocrx_word' id='word_1_160' title='bbox 203 2612 325 2692; x_wconf 85' lang='lat' dir='ltr'><strong>salute,</strong></span> <span class='ocrx_word' id='word_1_161' title='bbox 358 2613 413 2678; x_wconf 88' lang='lat'><strong>...&#39;</strong></span> <span class='ocrx_word' id='word_1_162' title='bbox 443 2618 477 2678; x_wconf 90' lang='lat' dir='ltr'><strong>et</strong></span> <span class='ocrx_word' id='word_1_163' title='bbox 505 2612 615 2697; x_wconf 93' lang='lat' dir='ltr'><strong>paullo</strong></span> <span class='ocrx_word' id='word_1_164' title='bbox 644 2619 720 2697; x_wconf 89' lang='lat' dir='ltr'><strong>post</strong></span> <span class='ocrx_word' id='word_1_165' title='bbox 746 2613 868 2678; x_wconf 86' lang='lat' dir='ltr'><strong>Brutus</strong></span> <span class='ocrx_word' id='word_1_166' title='bbox 894 2612 981 2693; x_wconf 93' lang='grc'>1666,</span> <span class='ocrx_word' id='word_1_167' title='bbox 1010 2632 1106 2695; x_wconf 90' lang='lat' dir='ltr'><strong>quem</strong></span> <span class='ocrx_word' id='word_1_168' title='bbox 1135 2633 1235 2696; x_wconf 89' lang='lat' dir='ltr'><strong>supra</strong></span> 
     </span>
     <span class='ocr_line' id='line_1_21' title="bbox 106 2723 1235 2811; baseline -0.003 -20"><span class='ocrx_word' id='word_1_169' title='bbox 106 2723 211 2791; x_wconf 90' lang='grc'>611611.</span> <span class='ocrx_word' id='word_1_170' title='bbox 265 2724 345 2790; x_wconf 89' lang='lat' dir='ltr'><strong>Inde</strong></span> <span class='ocrx_word' id='word_1_171' title='bbox 375 2724 417 2791; x_wconf 92' lang='lat' dir='ltr'><strong>ab</strong></span> <span class='ocrx_word' id='word_1_172' title='bbox 451 2725 514 2791; x_wconf 92' lang='lat' dir='ltr'><strong>hcc</strong></span> <span class='ocrx_word' id='word_1_173' title='bbox 548 2730 695 2811; x_wconf 89' lang='lat' dir='ltr'><strong>tempore</strong></span> <span class='ocrx_word' id='word_1_174' title='bbox 733 2725 948 2810; x_wconf 87' lang='lat' dir='ltr'><strong>‘conspiratio&#39;</strong></span> <span class='ocrx_word' id='word_1_175' title='bbox 976 2757 1019 2778; x_wconf 94' lang='lat'><strong><em>=</em></strong></span> <span class='ocrx_word' id='word_1_176' title='bbox 1044 2723 1235 2809; x_wconf 67' lang='grc' dir='ltr'><strong>ι(16661611,</strong></span> 
     </span>
     <span class='ocr_line' id='line_1_22' title="bbox 106 2836 1235 2922; baseline 0 -20"><span class='ocrx_word' id='word_1_177' title='bbox 106 2836 282 2902; x_wconf 65' lang='grc'>1116616661</span> <span class='ocrx_word' id='word_1_178' title='bbox 314 2837 444 2922; x_wconf 86' lang='grc'>6666166</span> <span class='ocrx_word' id='word_1_179' title='bbox 472 2838 631 2919; x_wconf 85' lang='lat' dir='ltr'><strong>occurrit,</strong></span> <span class='ocrx_word' id='word_1_180' title='bbox 661 2837 751 2903; x_wconf 84' lang='lat' dir='ltr'><strong>velut</strong></span> <span class='ocrx_word' id='word_1_181' title='bbox 780 2836 867 2922; x_wconf 91' lang='lat' dir='ltr'><strong>apud</strong></span> <span class='ocrx_word' id='word_1_182' title='bbox 895 2838 964 2903; x_wconf 85' lang='lat' dir='ltr'><strong>Val.</strong></span> <span class='ocrx_word' id='word_1_183' title='bbox 991 2836 1168 2902; x_wconf 86' lang='lat' dir='ltr'><strong>Maximum</strong></span> <span class='ocrx_word' id='word_1_184' title='bbox 1190 2836 1235 2902; x_wconf 92' lang='lat' dir='ltr'><strong>IV</strong></span> 
     </span>
     <span class='ocr_line' id='line_1_23' title="bbox 108 2947 1235 3033; baseline -0.001 -19"><span class='ocrx_word' id='word_1_185' title='bbox 108 2954 136 3028; x_wconf 80' lang='lat'><strong>7,</strong></span> <span class='ocrx_word' id='word_1_186' title='bbox 159 2954 197 3030; x_wconf 89' lang='grc'>2,</span> <span class='ocrx_word' id='word_1_187' title='bbox 225 2948 326 3014; x_wconf 88' lang='lat' dir='ltr'><strong>Tacit.</strong></span> <span class='ocrx_word' id='word_1_188' title='bbox 357 2970 429 3014; x_wconf 91' lang='lat' dir='ltr'><strong>ann.</strong></span> <span class='ocrx_word' id='word_1_189' title='bbox 460 2955 570 3030; x_wconf 87' lang='grc'>3,16,</span> <span class='ocrx_word' id='word_1_190' title='bbox 601 2949 863 3029; x_wconf 72' lang='grc'>6161161616661,</span> <span class='ocrx_word' id='word_1_191' title='bbox 890 2949 949 3014; x_wconf 87' lang='lat' dir='ltr'><strong>‘De</strong></span> <span class='ocrx_word' id='word_1_192' title='bbox 970 2948 1083 3014; x_wconf 90' lang='lat' dir='ltr'><strong>Tacito</strong></span> <span class='ocrx_word' id='word_1_193' title='bbox 1105 2947 1235 3033; x_wconf 82' lang='lat' dir='ltr'><strong>dialogi,</strong></span> 
     </span>
     <span class='ocr_line' id='line_1_24' title="bbox 106 3059 1241 3145; baseline 0 -19"><span class='ocrx_word' id='word_1_194' title='bbox 106 3061 164 3145; x_wconf 90' lang='lat' dir='ltr'><strong>qui</strong></span> <span class='ocrx_word' id='word_1_195' title='bbox 184 3059 226 3126; x_wconf 88' lang='lat' dir='ltr'><strong>de</strong></span> <span class='ocrx_word' id='word_1_196' title='bbox 248 3060 432 3127; x_wconf 90' lang='lat' dir='ltr'><strong>oratoribus</strong></span> <span class='ocrx_word' id='word_1_197' title='bbox 453 3061 658 3142; x_wconf 83' lang='lat' dir='ltr'><strong>inscribitur,</strong></span> <span class='ocrx_word' id='word_1_198' title='bbox 691 3062 833 3128; x_wconf 90' lang='lat' dir='ltr'><strong>auctore&#39;</strong></span> <span class='ocrx_word' id='word_1_199' title='bbox 855 3060 953 3128; x_wconf 84' lang='lat' dir='ltr'><strong>Goeln</strong></span> <span class='ocrx_word' id='word_1_200' title='bbox 978 3065 1078 3142; x_wconf 90' lang='grc'>1880,</span> <span class='ocrx_word' id='word_1_201' title='bbox 1100 3083 1131 3145; x_wconf 95' lang='grc'><strong>6.</strong></span> <span class='ocrx_word' id='word_1_202' title='bbox 1156 3065 1241 3141; x_wconf 85' lang='grc'>151,</span> 
     </span>
     <span class='ocr_line' id='line_1_25' title="bbox 106 3173 962 3258; baseline 0 -19"><span class='ocrx_word' id='word_1_203' title='bbox 106 3194 159 3257; x_wconf 90' lang='grc'><strong>66.</strong></span> <span class='ocrx_word' id='word_1_204' title='bbox 182 3173 312 3238; x_wconf 82' lang='lat' dir='ltr'><strong>Sueten.</strong></span> <span class='ocrx_word' id='word_1_205' title='bbox 333 3173 390 3238; x_wconf 87' lang='lat' dir='ltr'><strong>cfr.</strong></span> <span class='ocrx_word' id='word_1_206' title='bbox 412 3173 522 3257; x_wconf 78' lang='lat' dir='ltr'><strong>Bagge</strong></span> <span class='ocrx_word' id='word_1_207' title='bbox 544 3173 564 3238; x_wconf 91' lang='grc'><strong>1.</strong></span> <span class='ocrx_word' id='word_1_208' title='bbox 580 3173 601 3239; x_wconf 91' lang='lat' dir='ltr'><strong>l.</strong></span> <span class='ocrx_word' id='word_1_209' title='bbox 623 3196 654 3257; x_wconf 91' lang='lat' dir='ltr'><strong>p.</strong></span> <span class='ocrx_word' id='word_1_210' title='bbox 680 3179 735 3255; x_wconf 83' lang='grc'><strong>14,</strong></span> <span class='ocrx_word' id='word_1_211' title='bbox 757 3195 808 3258; x_wconf 88' lang='grc'><strong>66.</strong></span> <span class='ocrx_word' id='word_1_212' title='bbox 831 3173 962 3254; x_wconf 84' lang='lat' dir='ltr'><strong>Quintil.</strong></span> 
     </span>
    </p>

    <p class='ocr_par' dir='ltr' id='par_1_7' title="bbox 210 3283 507 3368">
     <span class='ocr_line' id='line_1_26' title="bbox 210 3283 507 3368; baseline 0.003 -18"><span class='ocrx_word' id='word_1_213' title='bbox 210 3285 241 3368; x_wconf 86' lang='lat' dir='ltr'><strong>c)</strong></span> <span class='ocrx_word' id='word_1_214' title='bbox 263 3283 304 3350; x_wconf 85' lang='lat' dir='ltr'><strong>de</strong></span> <span class='ocrx_word' id='word_1_215' title='bbox 329 3283 507 3351; x_wconf 84' lang='lat' dir='ltr'><strong>adverbiis:</strong></span> 
     </span>
    </p>

    <p class='ocr_par' dir='ltr' id='par_1_8' title="bbox 104 3395 1312 3930">
     <span class='ocr_line' id='line_1_27' title="bbox 209 3395 1235 3482; baseline -0.001 -20"><span class='ocrx_word' id='word_1_216' title='bbox 209 3395 323 3462; x_wconf 87' lang='lat' dir='ltr'><strong>istic:</strong></span> <span class='ocrx_word' id='word_1_217' title='bbox 345 3396 391 3462; x_wconf 89' lang='lat' dir='ltr'><strong>XI</strong></span> <span class='ocrx_word' id='word_1_218' title='bbox 415 3402 463 3476; x_wconf 95' lang='grc'><strong>11,</strong></span> <span class='ocrx_word' id='word_1_219' title='bbox 486 3404 505 3463; x_wconf 87' lang='grc'>2</span> <span class='ocrx_word' id='word_1_220' title='bbox 528 3402 583 3478; x_wconf 71' lang='grc' dir='ltr'><strong>ι16,</strong></span> <span class='ocrx_word' id='word_1_221' title='bbox 604 3418 688 3481; x_wconf 91' lang='lat' dir='ltr'><strong>quae</strong></span> <span class='ocrx_word' id='word_1_222' title='bbox 708 3397 782 3463; x_wconf 88' lang='lat' dir='ltr'><strong>istie</strong></span> <span class='ocrx_word' id='word_1_223' title='bbox 796 3418 878 3482; x_wconf 83' lang='lat' dir='ltr'><strong>opus</strong></span> <span class='ocrx_word' id='word_1_224' title='bbox 894 3402 989 3463; x_wconf 93' lang='lat' dir='ltr'><strong>erunt</strong></span> <span class='ocrx_word' id='word_1_225' title='bbox 1005 3396 1235 3476; x_wconf 88' lang='lat' dir='ltr'><strong>administrari,</strong></span> 
     </span>
     <span class='ocr_line' id='line_1_28' title="bbox 105 3507 1234 3594; baseline -0.001 -20"><span class='ocrx_word' id='word_1_226' title='bbox 105 3509 304 3594; x_wconf 65' lang='grc'>6666616166,</span> <span class='ocrx_word' id='word_1_227' title='bbox 326 3508 371 3573; x_wconf 89' lang='lat' dir='ltr'><strong>du</strong></span> <span class='ocrx_word' id='word_1_228' title='bbox 392 3509 481 3575; x_wconf 83' lang='lat' dir='ltr'><strong>uirst</strong></span> <span class='ocrx_word' id='word_1_229' title='bbox 510 3509 569 3575; x_wconf 90' lang='lat' dir='ltr'><strong>das</strong></span> <span class='ocrx_word' id='word_1_230' title='bbox 597 3509 647 3575; x_wconf 89' lang='lat' dir='ltr'><strong>ins</strong></span> <span class='ocrx_word' id='word_1_231' title='bbox 669 3511 760 3593; x_wconf 82' lang='lat' dir='ltr'><strong>Auge</strong></span> <span class='ocrx_word' id='word_1_232' title='bbox 781 3509 906 3589; x_wconf 86' lang='grc'>166666,</span> <span class='ocrx_word' id='word_1_233' title='bbox 934 3530 1000 3574; x_wconf 83' lang='lat' dir='ltr'><strong>was</strong></span> <span class='ocrx_word' id='word_1_234' title='bbox 1023 3509 1097 3574; x_wconf 88' lang='lat' dir='ltr'><strong>dort</strong></span> <span class='ocrx_word' id='word_1_235' title='bbox 1118 3531 1158 3574; x_wconf 82' lang='lat' dir='ltr'><strong>zu</strong></span> <span class='ocrx_word' id='word_1_236' title='bbox 1178 3507 1234 3574; x_wconf 88' lang='lat' dir='ltr'><strong>be·</strong></span> 
     </span>
     <span class='ocr_line' id='line_1_29' title="bbox 107 3620 1234 3707; baseline 0 -22"><span class='ocrx_word' id='word_1_237' title='bbox 107 3641 225 3704; x_wconf 84' lang='lat' dir='ltr'><strong>surgen</strong></span> <span class='ocrx_word' id='word_1_238' title='bbox 246 3621 358 3704; x_wconf 80' lang='lat' dir='ltr'><strong>niithig</strong></span> <span class='ocrx_word' id='word_1_239' title='bbox 379 3622 431 3687; x_wconf 92' lang='grc'>161.</span> <span class='ocrx_word' id='word_1_240' title='bbox 474 3620 517 3687; x_wconf 80' lang='lat' dir='ltr'><strong>ut</strong></span> <span class='ocrx_word' id='word_1_241' title='bbox 536 3643 713 3706; x_wconf 88' lang='lat' dir='ltr'><strong>pronomen</strong></span> <span class='ocrx_word' id='word_1_242' title='bbox 726 3622 817 3687; x_wconf 85' lang='lat' dir='ltr'><strong>‘istic&#39;</strong></span> <span class='ocrx_word' id='word_1_243' title='bbox 840 3622 946 3707; x_wconf 91' lang='lat' dir='ltr'><strong>ipsum</strong></span> <span class='ocrx_word' id='word_1_244' title='bbox 968 3627 1001 3686; x_wconf 91' lang='grc'><strong>61</strong></span> <span class='ocrx_word' id='word_1_245' title='bbox 1023 3620 1079 3707; x_wconf 89' lang='lat' dir='ltr'><strong>[ab</strong></span> <span class='ocrx_word' id='word_1_246' title='bbox 1103 3621 1155 3707; x_wconf 91' lang='grc'><strong>66]</strong></span> <span class='ocrx_word' id='word_1_247' title='bbox 1177 3620 1234 3686; x_wconf 92' lang='lat' dir='ltr'><strong>ad·</strong></span> 
     </span>
     <span class='ocr_line' id='line_1_30' title="bbox 105 3731 1312 3818; baseline -0.003 -20"><span class='ocrx_word' id='word_1_248' title='bbox 105 3731 221 3800; x_wconf 83' lang='lat' dir='ltr'><strong>verbia</strong></span> <span class='ocrx_word' id='word_1_249' title='bbox 242 3732 405 3799; x_wconf 85' lang='lat' dir='ltr'><strong>derivata:</strong></span> <span class='ocrx_word' id='word_1_250' title='bbox 430 3733 550 3813; x_wconf 78' lang='lat' dir='ltr'><strong>istinc,</strong></span> <span class='ocrx_word' id='word_1_251' title='bbox 579 3733 677 3814; x_wconf 89' lang='grc'>16166,</span> <span class='ocrx_word' id='word_1_252' title='bbox 705 3733 806 3813; x_wconf 86' lang='grc'>16166,</span> <span class='ocrx_word' id='word_1_253' title='bbox 835 3734 943 3816; x_wconf 81' lang='lat' dir='ltr'><strong>vigent</strong></span> <span class='ocrx_word' id='word_1_254' title='bbox 972 3733 1060 3818; x_wconf 88' lang='lat' dir='ltr'><strong>apud</strong></span> <span class='ocrx_word' id='word_1_255' title='bbox 1086 3731 1234 3812; x_wconf 88' lang='lat' dir='ltr'><strong>comicos,</strong></span> <span class='ocrx_word' id='word_1_256' title='bbox 1310 3790 1312 3794; x_wconf 38' lang='lat'><strong>.</strong></span> 
     </span>
     <span class='ocr_line' id='line_1_31' title="bbox 104 3845 1235 3930; baseline -0.002 -18"><span class='ocrx_word' id='word_1_257' title='bbox 104 3845 271 3930; x_wconf 89' lang='lat' dir='ltr'><strong>inprimis</strong></span> <span class='ocrx_word' id='word_1_258' title='bbox 292 3851 401 3912; x_wconf 90' lang='lat' dir='ltr'><strong>autem</strong></span> <span class='ocrx_word' id='word_1_259' title='bbox 424 3845 569 3912; x_wconf 85' lang='lat' dir='ltr'><strong>adverbii</strong></span> <span class='ocrx_word' id='word_1_260' title='bbox 589 3845 693 3912; x_wconf 91' lang='lat' dir='ltr'><strong>forma</strong></span> <span class='ocrx_word' id='word_1_261' title='bbox 713 3845 820 3926; x_wconf 81' lang='lat' dir='ltr'><strong>‘istic&#39;3</strong></span> <span class='ocrx_word' id='word_1_262' title='bbox 843 3867 883 3911; x_wconf 87' lang='lat' dir='ltr'><strong>ex</strong></span> <span class='ocrx_word' id='word_1_263' title='bbox 904 3865 1080 3930; x_wconf 79' lang='lat' dir='ltr'><strong>permagno</strong></span> <span class='ocrx_word' id='word_1_264' title='bbox 1100 3864 1235 3910; x_wconf 89' lang='lat' dir='ltr'><strong>numero</strong></span> 
     </span>
    </p>
   </div>
   <div class='ocr_carea' id='block_1_7' title="bbox 105 4137 1235 4298">
    <p class='ocr_par' dir='ltr' id='par_1_9' title="bbox 105 4137 1235 4298">
     <span class='ocr_line' id='line_1_32' title="bbox 212 4137 1235 4215; baseline 0.003 -22"><span class='ocrx_word' id='word_1_265' title='bbox 212 4141 238 4209; x_wconf 84' lang='lat'><strong>1)</strong></span> <span class='ocrx_word' id='word_1_266' title='bbox 257 4139 305 4194; x_wconf 79' lang='lat' dir='ltr'><strong>Ad</strong></span> <span class='ocrx_word' id='word_1_267' title='bbox 327 4139 401 4194; x_wconf 88' lang='lat' dir='ltr'><strong>hunc</strong></span> <span class='ocrx_word' id='word_1_268' title='bbox 424 4140 518 4195; x_wconf 92' lang='lat' dir='ltr'><strong>locum</strong></span> <span class='ocrx_word' id='word_1_269' title='bbox 544 4141 593 4195; x_wconf 88' lang='lat' dir='ltr'><strong>cfr.</strong></span> <span class='ocrx_word' id='word_1_270' title='bbox 611 4139 710 4196; x_wconf 90' lang='lat' dir='ltr'><strong>Philol.</strong></span> <span class='ocrx_word' id='word_1_271' title='bbox 728 4137 798 4194; x_wconf 74' lang='lat' dir='ltr'><strong>Ana.</strong></span> <span class='ocrx_word' id='word_1_272' title='bbox 818 4141 884 4195; x_wconf 84' lang='grc'>1883</span> <span class='ocrx_word' id='word_1_273' title='bbox 902 4157 929 4212; x_wconf 89' lang='grc'><strong>6.</strong></span> <span class='ocrx_word' id='word_1_274' title='bbox 948 4141 996 4194; x_wconf 84' lang='grc'><strong>761</strong></span> <span class='ocrx_word' id='word_1_275' title='bbox 1024 4137 1235 4215; x_wconf 72' lang='grc'>[8611666666-</span> 
     </span>
     <span class='ocr_line' id='line_1_33' title="bbox 105 4224 536 4298; baseline -0.002 -16"><span class='ocrx_word' id='word_1_276' title='bbox 105 4243 181 4282; x_wconf 85' lang='lat' dir='ltr'><strong>cens.</strong></span> <span class='ocrx_word' id='word_1_277' title='bbox 218 4224 354 4296; x_wconf 85' lang='lat' dir='ltr'><strong>Schmalz,</strong></span> <span class='ocrx_word' id='word_1_278' title='bbox 373 4225 536 4298; x_wconf 84' lang='lat' dir='ltr'><strong>‘Vatinius&#39;].</strong></span> 
     </span>
    </p>
   </div>
   <div class='ocr_carea' id='block_1_8' title="bbox 0 0 1440 4800">
    <p class='ocr_par' dir='ltr' id='par_1_10' title="bbox 0 0 1440 4800">
     <span class='ocr_line' id='line_1_34' title="bbox 0 0 1440 4800; baseline 0 0"><span class='ocrx_word' id='word_1_279' title='bbox 0 0 1440 4800; x_wconf 95' lang='lat' dir='ltr'><strong> </strong></span> 
     </span>
    </p>
   </div>
  </div>
 </body>
</html>
