2864 4800
606 446 648 464 ..
692 362 817 477 334.

150 573 334 649 abhorrere
363 583 482 648 Haec·
496 603 572 666 ergo
602 584 649 648 vis
677 585 710 649 in
732 583 864 667 verbum
884 583 1117 668 ·‘interpellare'
1141 577 1269 650 demum

151 698 258 759 aetate
274 693 483 761 Ciceroniana
496 694 660 761 influxisse
674 695 817 761 videtur,
851 696 946 780 Apud
963 696 1148 771 Ciceronem
1164 713 1274 763 unum·

151 805 331 890 exemplum
356 807 452 873 huius
477 807 583 887 verbi,
609 828 634 873 ,a
662 829 725 890 quo
747 813 913 882 structura
929 829 993 893 per
1013 809 1278 891 coniunctionemv

150 917 239 984 facta
256 918 452 1003 dependeat,
479 924 601 984 exstat:
623 919 714 985 Verr.
736 917 853 999 11164,
880 924 938 985 142
969 920 1097 1005 ‘in'quo
1121 923 1277 1007 primum,

150 1035 188 1095 ut
210 1030 332 1113 aliquid
354 1038 440 1096 esset
458 1052 583 1111 morae,
605 1033 699 1097 multi
718 1011 943 1116 interpellant.
987 1033 1099 1104 Sermo
1121 1034 1276 1101 cottidia·

150 1163 210 1206 nus
232 1147 341 1207 autem
362 1165 400 1209 eo
423 1143 589 1228 processit,
611 1150 648 1211 ut
668 1143 801 1209 verbum
823 1144 1046 1229 ‘interpellare'
1060 1167 1141 1216 cum
1164 1145 1274 1211 verbis

149 1254 323 1339 ‘impedire'
352 1262 509 1338 aequaret
536 1257 629 1340 eique
652 1256 906 1322 coniunctionem
928 1257 1116 1345 ‘quominus'
1139 1258 1269 1347 subiun-

150 1372 249 1450 geret
292 1366 390 1432 Cuius
415 1369 616 1452 aequationis
647 1367 749 1433 simile
771 1367 952 1453 exemplum
966 1368 1020 1432 ‘in‘
1034 1371 1195 1435 sententia
1215 1390 1270 1434 ne-

150 1479 259 1563 gativa
278 1478 414 1563 legimus
437 1481 524 1565 apud
544 1479 688 1561 Matium,
711 1481 766 1563 qui
779 1480 896 1549 eodem
907 1479 975 1545 fere
987 1485 1132 1566 tempore
1143 1481 1275 1569 litteras¹

150 1590 192 1657 ad
212 1590 397 1656 Ciceronem
419 1591 524 1673 dedit,
555 1592 598 1657 ad
623 1592 698 1658 farn.
717 1593 767 1659 XI
785 1597 834 1667 28,
860 1598 878 1656 1
907 1591 1011 1676 10006
1032 1593 1159 1664 Caesar:
1180 1610 1276 1666 num-2

150 1725 248 1788 uuam
269 1702 496 1788 interpellavit,
519 1706 595 1787 qun
618 1705 731 1789 ...1),;
756 1703 864 1769 uiuus
878 1704 1010 1769 exhibet
1030 1705 1075 1769 iv
1090 1711 1141 1786 ra,
1162 1712 1181 1771 e
1204 1707 1270 1771 ori·
1390 1741 1394 1750 -

150 1817 245 1882 bunis
282 1815 478 1899 interregem
515 1815 810 1901 interpellantibuS,
849 1836 889 1880 ne
925 1822 1055 1900 senatus
1091 1819 1271 1889 consultum

149 1927 267 2009 fieret’;
287 1927 435 1993 Valerius
456 1928 615 1997 Maximus
641 1928 714 1993 VIII
737 1934 766 2008 7,
788 1936 809 1999 4
838 1929 1101 2013 ‘neutra'[neque
1115 1935 1274 1998 'senectus

149 2060 253 2123 neque
275 2039 419 2124 fortuna]
441 2040 564 2105 Livium
586 2041 727 2107 Drusum
754 2039 962 2126 interpellare
991 2040 1109 2119 ¹valuit,
1138 2063 1178 2107 ne
1207 2063 1277 2107 non

150 2153 257 2218 animo
279 2157 313 2217 et
332 2151 456 2217 videret
478 2157 511 2217 et
531 2153 672 2236 vigeret'.
1108 2168 1110 2173 ·
1195 2168 1198 2174 ·

159 2299 161 2305 <
252 2285 385 2330 orare:
410 2285 450 2330 ex
470 2263 568 2330 verbo
595 2263 707 2329 ‘orare‘
738 2264 825 2348 apud
852 2264 988 2333 Brutum
1018 2265 1271 2331 constructiones

149 2376 234 2443 duae
254 2376 438 2461 dependent
465 2376 545 2442 hae:
574 2376 621 2446 XI
644 2381 713 2456 lae,
747 2381 765 2440 3
795 2384 900 2441 ‘orare
922 2382 1113 2460 coeperunt,
1141 2382 1177 2441 ut
1199 2378 1276 2459 ...';¹

150 2495 180 2570 9,
202 2494 220 2553 2
243 2488 406 2554 ‘Plancum
428 2509 556 2573 quoque
578 2487 772 2555 confirmetis
794 2488 869 2553 oro’.

251 2600 548 2667 Illaconstructio
570 2606 620 2666 est
641 2601 728 2666 etin
749 2599 925 2669 cottidiano
939 2604 981 2670 et
1000 2600 1034 2666 in
1057 2598 1182 2664 urbano
1206 2621 1272 2664 ser-

149 2734 243 2779 mone
263 2713 490 2795 usitatissima3
511 2718 684 2797 praeterea
698 2717 807 2778 autem
827 2711 861 2776 in
881 2734 943 2777 usu
964 2712 1049 2780 vitae
1068 2711 1272 2792 cottidianae,

151 2826 212 2891 etsi
233 2824 321 2891 hand
341 2825 388 2890 ita
409 2825 519 2890 multis
541 2825 635 2905 locis,
664 2825 764 2890 haec
786 2824 913 2889 obviarn
935 2822 988 2905 fit,
1010 2828 1053 2888 ut·
1069 2823 1155 2906 apud
1178 2823 1272 2888 Plau·

151 2943 221 3004 tum
251 2936 364 3022 Amph.
395 2937 410 3001 I
437 2943 473 3018 1,
505 2941 563 3004 101
597 2937 720 3002 ‘velatis
751 2934 900 3001 manibus
929 2940 1037 3015 orant,
1070 2937 1273 3019 ignoscamus

149 3054 319 3134 peccatum
342 3048 459 3131 suum',
483 3049 570 3134 apud
587 3049 755 3115 Afranium
770 3054 812 3113 84
833 3047 926 3131 frgm.
944 3046 1084 3115 Ribb.II
1105 3048 1272 3131 ‘principio

149 3161 212 3226 hoc
234 3180 308 3241 oro,
332 3162 366 3226 in
388 3162 494 3227 animo
516 3162 563 3226 sic
585 3166 710 3226 statuae
732 3161 807 3226 tuo'.
851 3161 952 3239 Quem
975 3158 1102 3225 dicendi
1115 3181 1218 3238 ,usum
1239 3160 1272 3223 in

150 3295 329 3342 sermonem
358 3274 569 3339 cottidianum
600 3273 716 3338 aetatis
749 3271 977 3337 Ciceronianae
1010 3291 1154 3355 quoque,
1189 3251 1299 3354 quae*

150 3386 351 3473 appellatur,
382 3386 566 3471 irrepsisse,
598 3385 694 3450 docet
721 3389 851 3468 praeter
884 3384 988 3462 hunc,
1017 3403 1113 3466 quem
1142 3383 1272 3466 protuli,
1373 3391 1376 3397 '

149 3499 256 3565 locum
289 3498 384 3563 Bruti
416 3497 596 3581 exemplum
626 3496 869 3583 Ciceronianum
901 3496 979 3561 hoc:
1011 3494 1052 3559 ad
1083 3496 1149 3559 Att.
1175 3495 1269 3574 111,1

150 3609 369 3696 ‘quamobrem
390 3614 423 3676 te
446 3629 503 3675 oro
525 3609 581 3674 dee
603 3608 753 3692 operam’.
796 3608 914 3672 Postea
934 3607 989 3672 hic
1007 3628 1085 3672 usus
1105 3606 1139 3670 in
1160 3606 1273 3690 primis

149 3746 170 3791 a
191 3723 296 3809 poetis
317 3727 508 3807 usurpatur,
535 3725 574 3787 ut
602 3741 623 3785 a
643 3720 762 3804 Vergil.
786 3722 863 3784 Aen.
886 3727 915 3799 6,
939 3724 1017 3800 796,
1048 3718 1138 3783 ovid.
1161 3739 1210 3802 ep.
1232 3739 1272 3810 ex

149 3836 242 3902 Pont.
264 3836 308 3901 IV
333 3840 360 3915 1,
384 3839 433 3915 19,
455 3833 527 3901 aliis
546 3832 643 3913 locis3
671 3831 729 3897 sed
757 3832 855 3898 etiam
877 3832 1051 3915 scriptores
1077 3830 1272 3914 posteriores

150 3969 224 4014 eum
245 3969 309 4013 non
329 3967 462 4032 prorsus
485 3945 639 4024 reiciunt,
668 3943 756 4009 velut
777 3943 857 4008 Plin.
883 3965 931 4028 ep.
955 3943 999 4009 Vl
1022 3948 1072 4022 20,
1094 3947 1148 4023 12;
1170 3942 1271 4007 Tacit

149 4065 348 4140 ann.3,16.

253 4213 280 4283 1)
297 4213 345 4268 Ad
361 4212 435 4266 hunc
454 4213 546 4266 locum
564 4211 613 4266 cfr.
635 4209 760 4264 Schmala
780 4209 906 4277 ‘Matius',
926 4209 1108 4263 Commentat.
1123 4207 1272 4262 Woelfflin.

147 4294 226 4372 tips.
245 4303 310 4355 1891
329 4319 356 4369 p.
374 4301 433 4353 arr.

1052 4383 1068 4434 a
