2864 4800
611 444 826 505 ..5.-

158 629 336 674 sermonem
352 610 562 675 cottidianum
577 610 832 694 cognoscendum
846 609 962 675 idonea
979 609 1095 676 afferre
1111 612 1230 695 possim
1242 613 1276 696 1).

158 722 229 800 Qua
258 722 387 805 quidem
415 723 449 786 in
482 743 518 788 re
546 744 608 787 non
634 721 922 807 praetermittenda
952 742 1023 787 esse
1050 723 1129 788 mihi
1157 723 1277 808 putavi,
1357 776 1360 783 .

158 854 241 916 quae
262 834 390 900 aliunde
411 835 515 919 petita
537 835 839 900 commemoratione
861 833 963 918 digna·
980 839 1095 900 essent.

161 1119 193 1199 1.
249 1117 302 1197 ΒΕ
338 1116 523 1199 ortecle
556 1117 870 1208 vottsstlossttt
908 1116 1276 1222 locutionumque

703 1359 743 1428 1..

257 1530 305 1594 De
327 1514 492 1595 vocabulis
512 1530 808 1613 locutionibusque,
841 1550 924 1612 quae
946 1529 1033 1613 apud
1054 1529 1190 1622 Brutum
1211 1532 1277 1615 pri·

154 1663 242 1707 mum
264 1646 445 1707 occurrunt.

257 1755 290 1837 a)
313 1753 353 1817 de
375 1754 565 1819 nominibus.

257 1864 460 1948 copiolae:
482 1865 529 1931 XI
551 1865 658 1948 1319),
678 1871 696 1929 2
720 1866 853 1931 ‘recurri
875 1865 917 1930 ad
939 1885 1027 1930 meas
1050 1867 1207 1950 copiolas;
1231 1867 1277 1932 sic

155 1979 238 2042 enim
260 1999 334 2042 vere
357 1998 411 2042 eas
427 1977 592 2062 appellare
607 1978 756 2061 possum',
777 1977 831 2042 ioh
846 1978 921 2042 eilte
936 1987 978 2041 zu‘
990 1977 1125 2042 meinem
1149 1978 1276 2061 'Prup-

135 2089 422 2173 ‘penhiiuilein
453 2089 587 2169 zuriiclr,
619 2109 655 2153 so
685 2111 746 2154 nur
767 2088 854 2153 kann
883 2089 935 2154 ich
957 2091 990 2153 in
1013 2088 1181 2154 Wahrheit
1203 2089 1276 2154 das·

155 2201 243 2266 selbe
262 2223 396 2266 neuneu.
441 2201 531 2266 Haeo
553 2222 573 2265 a
596 2201 689 2285 copia
718 2221 779 2264 vox
801 2199 990 2266 diminutiva
1018 2200 1096 2266 alibi
1118 2222 1277 2285 nusquam

154 2315 332 2386 invenitur.
367 2313 458 2378 Talia
480 2312 650 2391 vocabula,
681 2333 763 2396 quae
787 2311 915 2397 quidem
938 2334 1010 2377 cnm
1032 2311 1074 2378 ad
1096 2313 1276 2396 significan-

154 2425 213 2489 das
242 2425 435 2490 festivitates
465 2426 719 2509 varietatemque
750 2429 828 2509 apta
858 2425 936 2505 sint,
975 2425 1113 2490 maxime
1145 2446 1215 2490 esse
1242 2425 1277 2490 in

155 2557 300 2601 sermone
323 2535 499 2602 cottidiano
509 2536 536 2621 ³)
565 2539 687 2601 usitata
710 2536 796 2601 inter
817 2556 926 2601 omnes
948 2537 1027 2601 satis
1050 2542 1184 2602 constat.
1230 2538 1276 2602 Ac

153 2669 193 2712 ue
215 2648 326 2713 Cicero
349 2647 478 2731 quidem
500 2647 639 2729 dubitat,
661 2649 702 2714 iis
722 2648 932 2731 epistularum
954 2649 1042 2729 locis,
1066 2649 1182 2732 quibus
1205 2669 1275 2713 sen·

153 2781 207 2824 sus
232 2760 465 2825 accuratiorem
488 2761 659 2825 terminum
682 2762 838 2844 postulat,
861 2761 1036 2826 eiusmodi
1058 2761 1275 2827 vocabulaex

152 2894 213 2937 usu
240 2872 414 2937 cottidiano
446 2873 634 2956 depromere
665 2878 762 2955 atque
794 2873 890 2937 etiam
919 2893 1046 2938 novare.
1097 2873 1134 2939 In
1163 2875 1275 2959 primis

153 2984 309 3069 epistulae
332 2984 374 3049 ad
397 2985 538 3050 Atticum
562 2985 673 3069 datae,
694 2984 727 3047 in
749 2984 865 3068 quibus
887 2984 998 3050 Cicero
1023 2987 1161 3050 sermoni
1182 2987 1274 3052 fami·

151 3095 225 3160 liari
247 3096 420 3180 plurimum
441 3097 602 3180 indulget,
632 3097 672 3161 iis
700 3095 868 3160 abundant
888 3117 993 3180 neque
1013 3118 1088 3163 raro
1110 3099 1273 3164 inveniun-

151 3213 205 3272 tur
213 3207 242 3292 4)
263 3209 296 3271 in
320 3208 465 3291 epistulis
487 3208 530 3273 ad
557 3207 732 3273 familiares
754 3208 869 3273 missis.
913 3209 1058 3292 Itemque
1080 3210 1136 3293 qui
1160 3210 1201 3274 ad
1224 3209 1274 3275 Gi-

253 3468 280 3535 1)
297 3465 378 3520 Bruti
394 3467 479 3520 vitam
505 3470 587 3535 atque
612 3484 703 3520 mores
726 3471 755 3520 et
776 3471 900 3536 tempus,
927 3485 981 3536 quo
1006 3467 1135 3536 epistulas
1159 3466 1274 3535 dederit,

152 3570 214 3606 cum
233 3553 266 3606 de
284 3552 336 3606 hac
354 3552 387 3606 B.
405 3552 539 3621 Nacke,
557 3551 617 3606 Der
636 3551 831 3607 Brielwechsel
848 3571 896 3606 zw.
914 3553 1012 3606 Oicero
1031 3571 1056 3606 u.
1074 3551 1144 3606 Dee.
1164 3552 1273 3620 Brutus,

150 3637 184 3691 N.
208 3638 325 3692 Jahrbb.
354 3639 442 3707 suppl.
460 3637 538 3692 VIII
556 3639 663 3704 1875176
688 3641 883 3707 pter-700,
910 3637 942 3691 L.
961 3637 1115 3705 Gurlitt,
1139 3636 1175 3690 D.
1190 3636 1272 3692 Brfw.

151 3743 197 3777 zw.
218 3724 274 3777 Cic.
300 3742 325 3777 u.
351 3722 385 3776 D.
412 3724 498 3791 Brut,
522 3723 556 3777 N.
574 3723 691 3779 Jahrbb.
718 3725 735 3778 f.
761 3724 831 3778 Phil.
855 3743 880 3776 u.
899 3723 982 3777 Paed.
1002 3726 1068 3777 1880
1085 3743 1111 3793 p.
1131 3725 1272 3791 eoo-623,

150 3811 184 3863 de
208 3810 255 3862 illa
285 3827 368 3863 causa
392 3808 538 3863 Drumann
564 3809 673 3864 ‘Geren
699 3811 724 3863 d.
749 3810 838 3864 Rom?
865 3813 890 3876 4,
910 3813 933 3876 9,
958 3808 1045 3878 Pauly
1071 3808 1274 3878 ‘Realencyclo

150 3895 255 3965 paedie’
273 3894 317 3949 IV
335 3896 393 3962 513,
413 3898 444 3949 19
461 3897 515 3948 iam
533 3897 599 3966 satis
617 3897 801 3965 exposuerint,
822 3895 936 3949 omitto.

251 3982 278 4049 2)
296 3980 331 4034 In
344 3981 413 4037 locis
429 3980 576 4036 afferendis
591 3999 691 4050 sequor
703 3982 853 4036 editionem
865 4000 880 4034 a
894 3980 989 4035 Baiter
1000 3985 1029 4036 et
1039 3980 1147 4051 Kayser
1164 3982 1273 4036 iactam.

251 4068 279 4134 3)
296 4070 331 4121 A.
351 4066 514 4136 Stinner,
535 4067 586 4122 ‘De
606 4085 653 4135 eo,
673 4086 727 4136 qno
749 4068 846 4122 Cicero
864 4069 892 4121 in
912 4067 1036 4137 epistulis
1053 4085 1118 4122 usus
1135 4071 1192 4135 est,
1219 4085 1273 4121 ser·

149 4153 247 4207 mone'.
266 4152 375 4221 Oppeln
394 4155 468 4220 1879,
486 4171 513 4222 p.
531 4156 555 4207 9.

251 4241 279 4306 4)
297 4237 453 4305 Krause,
472 4238 638 4294 Stilistische
657 4240 869 4309 Bemerkungen
888 4257 936 4292 aus
954 4239 1066 4293 Ciceros
1077 4238 1196 4307 Briefen,
1216 4238 1274 4294 Pr.-

149 4343 190 4395 gr.
210 4324 385 4379 Hohenstein
404 4326 477 4393 1869,
496 4343 522 4394 p.
541 4329 566 4392 7,
586 4328 619 4394 8,
637 4325 719 4394 Opitz
736 4326 753 4378 l.
770 4326 786 4379 l.
804 4345 831 4394 p.
849 4327 896 4393 15,
907 4327 961 4392 19,
980 4324 1092 4380 Stinner
1108 4326 1126 4379 1.
1140 4326 1158 4379 l.
1177 4342 1204 4394 p.
1223 4329 1274 4378 9-
