2864 4800
608 438 820 498 ‚11-

149 605 212 671 lari
239 626 349 671 amore
375 624 414 669 ao
443 604 680 685 benevolentia,
708 625 931 688 quaecumque
961 604 1083 685 scribo,
1116 603 1176 671 tibi
1198 605 1275 671 scri-

149 718 236 784 bere'
250 717 282 802 1).
311 754 354 766 -
384 715 455 782 Non
481 716 567 781 idem
596 717 696 800 igitur
726 722 824 800 atque
850 716 947 781 Hand
976 717 1109 781 Turseli.
1134 718 1150 782 1
1172 740 1203 800 p.
1226 723 1277 797 29,

151 830 244 913 Opitz
265 830 285 893 l.
301 829 321 893 1.
343 848 374 911 p.
397 833 417 894 8
446 828 486 893 de
504 827 666 893 locutione
688 834 718 893 ‘a
740 833 828 894 oerto
851 850 947 894 sensu
969 832 1002 892 et
1024 849 1099 894 vero
1120 829 1275 895 iudicare'

151 961 283 1022 oeuseo;
304 940 328 1005 ii
351 941 435 1005 enim
457 940 495 1005 ‘a‘
521 972 565 994 =
586 940 780 1006 ‘seeundum‘
802 940 975 1024 excipiunt.

253 1054 284 1137 c)
307 1052 347 1117 de
370 1051 526 1135 singulari
549 1073 610 1116 usu
632 1050 813 1136 particulae
834 1051 956 1136 (valde)
982 1053 1106 1135 ‘quaml

252 1162 370 1229 valde
396 1184 527 1247 quam:
559 1163 605 1229 XI
630 1169 707 1243 l3a,
739 1169 758 1229 3
789 1170 874 1228 ‘nam
906 1185 981 1230 suos
1009 1164 1155 1250 [milites]
1185 1144 1279 1230 ualde
1390 1250 1394 1257 ι

150 1296 248 1358 quam
270 1296 392 1359 paucos
414 1276 532 1355 habet',
556 1274 639 1342 deun
662 1297 724 1342 von
745 1276 855 1342 seinen
874 1275 1028 1341 Soldaten
1047 1277 1139 1341 hatte
1161 1297 1196 1342 er
1217 1298 1280 1342 nur

149 1387 233 1451 noch
255 1407 335 1470 ganz
356 1389 486 1471 wenige.
529 1387 614 1452 Illud
642 1388 742 1454 semel
774 1388 894 1454 dietum
926 1387 1029 1454 ‘valde
1056 1388 1161 1471 quam'
1183 1388 1279 1471 origi·

150 1520 223 1564 nem
245 1520 285 1564 ex
306 1521 368 1564 usu
390 1499 566 1566 cottidiano
589 1498 687 1580 ducit,
707 1501 793 1565 unde
818 1499 902 1565 aliae
921 1498 1076 1565 eiusmodi
1091 1500 1279 1581 locutiones,

151 1631 235 1693 quae
255 1612 379 1695 pariter
401 1616 499 1695 atque
522 1611 624 1676 ‘valde
647 1611 757 1695 quam’
790 1612 915 1694 pondus
945 1611 1107 1695 quoddam
1129 1610 1282 1690 adiciunt,

151 1728 393 1803 emanaverunt,
423 1723 510 1788 velut
532 1723 714 1789 ‘admodum
739 1723 850 1807 quam’
873 1724 977 1788 Plaut.
997 1722 1112 1807 Amph.
1134 1723 1150 1788 I
1173 1728 1202 1802 3,
1224 1727 1281 1803 433
1409 1713 1413 1722 ¹

151 1835 255 1899 ‘nimis
277 1835 383 1918 quam'
405 1835 499 1900 Most.
514 1835 546 1900 II
570 1841 599 1915 2,
621 1841 677 1916 793
702 1836 799 1900 Truc.
822 1835 854 1900 11
877 1841 906 1916 5,
931 1841 986 1917 153
1012 1834 1229 1919 1630apt.1,
1254 1839 1281 1912 1,

151 1951 192 2011 34
202 1946 246 2030 ²),
276 1946 405 2030 ‘oppido
435 1947 541 2029 quam'
570 1946 635 2011 Liv.
663 1952 712 2027 36,
736 1953 785 2026 25,
810 1952 845 2027 33
869 1952 918 2027 39,
941 1952 992 2026 47,
1015 1952 1051 2028 2,
1079 1953 1149 2030 ‘per
1172 1946 1278 2029 quam’-

151 2057 255 2122 Plaut.
278 2058 376 2122 Bach.
394 2058 484 2138 1116,
509 2064 564 2140 16;
587 2057 650 2123 Cio.
672 2059 712 2123 de
735 2080 780 2123 or.
802 2058 834 2124 Π
855 2064 906 2139 49,
927 2065 1005 2140 201;
1029 2057 1113 2124 Cael.
1136 2058 1179 2123 ad
1201 2057 1276 2122 fam.

151 2169 227 2235 VIII
248 2176 278 2248 4,
302 2176 339 2251 2;
362 2169 556 2253 ‘sanequam’
579 2169 635 2235 cfr.
656 2193 688 2255 p.
706 2175 755 2236 30.
799 2170 847 2235 De
868 2171 933 2236 illis
948 2170 1189 2236 accuratissime
1212 2171 1280 2252 egIt

150 2281 301 2347 Woelffin
323 2279 535 2347 ‘Lateinisohe
564 2281 630 2346 und
660 2282 862 2348 romanisohe
891 2282 1128 2367 Comparation'
1152 2282 1281 2366 Erlang.

153 2398 235 2460 1879
256 2415 286 2477 p.
310 2398 350 2457 27
368 2414 408 2475 s.;
437 2375 792 2479 arch.lexioogr.1p.
816 2401 873 2475 99,
904 2399 1076 2479 praeterea
1104 2389 1161 2459 est
1183 2395 1281 2479 inspi-

151 2505 283 2571 ciendus
305 2504 454 2585 Koehler,
477 2506 536 2571 ‘De
559 2511 731 2572 auctorum
753 2507 831 2572 belli
845 2506 989 2571 Africani
1011 2511 1044 2571 et
1064 2505 1143 2571 belli
1164 2506 1281 2590 Hispa-

104 2612 107 2617 ’
150 2617 271 2682 niensis
299 2617 470 2682 latinitate'
496 2618 530 2682 in
551 2619 621 2684 Act.
646 2617 800 2684 Seminar.
829 2618 938 2703 philol.
967 2618 1097 2701 Erlang.
1118 2618 1134 2683 I
1155 2640 1186 2702 p.
1209 2623 1280 2683 413.

253 2728 438 2794 Cuiusmodi
459 2729 640 2795 locutiones
669 2730 764 2797 nimis
790 2730 925 2796 subtiles
955 2730 989 2795 in
1016 2751 1164 2796 sermone
1187 2730 1281 2796 cotti·

151 2841 247 2906 diano
287 2841 427 2907 omnium
462 2841 605 2925 gentium
648 2847 722 2908 sunt
761 2843 1060 2927 pervulgatissimae
1095 2848 1128 2908 et
1162 2841 1203 2908 ab
1240 2841 1281 2908 iis

151 2952 380 3037 scriptoribus,
415 2953 523 3036 quiin
547 2953 673 3020 dicendi
703 2954 834 3020 licentia
855 2954 996 3038 quadam
1019 2961 1052 3020 et
1079 2954 1280 3038 indulgentia

150 3070 337 3144 versantur,
368 3063 565 3131 ereberrime
594 3065 804 3146 exhibentur,
835 3067 891 3132 cfr.
922 3066 1060 3150 Rebling
1089 3067 1109 3132 I.
1125 3066 1145 3131 1.
1175 3089 1206 3150 p.
1230 3071 1280 3131 30.

151 3177 259 3256 Quare
289 3176 403 3241 merito
441 3177 591 3242 contendi
619 3183 727 3262 potest
756 3178 893 3243 Brutum
921 3177 1002 3244 illud
1030 3177 1132 3243 ‘valde
1163 3178 1279 3262 qnam’,

151 3288 238 3377 quod
260 3288 368 3369 nescio
391 3309 433 3353 an
454 3289 488 3354 in
504 3289 704 3355 sermonibus
719 3290 889 3369 exstiterit,
912 3311 952 3355 ex
967 3311 1029 3355 usu
1045 3288 1172 3356 dicendi
1193 3291 1279 3354 vitae

152 3399 349 3465 cottidianae
370 3399 526 3466 hausisse.

254 3510 288 3596 d)
311 3510 352 3576 de
372 3511 480 3578 verbis
502 3513 702 3597 simplicibus
725 3533 900 3600 eorumque
923 3513 1103 3579 structuris.

254 3622 456 3690 mordere:
480 3625 526 3690 XI
549 3630 599 3704 23,
630 3632 648 3691 2
682 3627 719 3692 ‘si
738 3626 864 3691 frenum
887 3623 1116 3705 momorderis,
1138 3645 1279 3708 peream,

154 3735 182 3800 si
198 3740 231 3800 te
248 3756 366 3815 omnes,
381 3740 462 3818 quot
476 3742 558 3816 sunt,
576 3743 746 3805 conantem
758 3739 847 3822 loqui
862 3737 948 3803 ferre
960 3736 1122 3821 possunt,
1143 3736 1280 3802 ‘frenum

153 3847 310 3913 mordere’
332 3881 375 3904 =
396 3849 430 3913 in
454 3849 505 3915 die
527 3849 626 3933 Ziigel
650 3849 822 3915 knirschen
851 3850 871 3914 i.
895 3871 921 3918 e.
950 3848 1001 3912 die
1023 3848 1132 3912 Zithne
1154 3847 1281 3927 weisen,

151 3958 360 4047 Widerstand
381 3961 511 4039 leisten,
534 3960 603 4026 sich
625 3981 766 4045 sperren,
790 3967 827 4026 ut
848 3959 1005 4026 transfert
1027 3962 1063 4024 A.
1086 3958 1179 4025 Otto:
1210 3959 1279 4024 ‘Die

255 4146 281 4217 1‘)
299 4148 346 4204 Ad
364 4149 437 4203 hunc
455 4150 548 4204 locum
568 4149 615 4203 cfr.
634 4149 794 4218 Hellmnth,
824 4149 948 4220 Sprache
976 4148 1001 4202 d.
1027 4147 1281 4217 Epistolographen

153 4233 182 4288 S.
201 4233 278 4303 Sulp.
299 4233 387 4290 Galba
404 4239 433 4288 et
449 4234 481 4289 L.
502 4235 645 4289 Cornelius
666 4234 763 4306 Galba,
781 4234 860 4306 Prgr.
879 4233 1055 4311 Wueraburg
1074 4236 1140 4296 1888
1157 4251 1184 4312 p.
1201 4234 1243 4294 41,

253 4321 281 4389 2)
300 4320 355 4375 cfr.
374 4319 442 4375 Brix
460 4321 585 4378 adhunc
602 4321 702 4379 locum.
