2864 4800
549 421 762 487 ...13-

94 594 252 660 scribam’.
303 594 443 659 ‘Litteris
456 595 481 679 1)
511 594 744 660 commendare'
766 626 808 648 =
838 594 940 663 einem
970 593 1076 657 Briefe
1107 614 1217 658 ariver-

93 713 218 772 trauen.
262 707 333 771 Hoc
355 706 442 790 apud
464 707 601 771 Brutum
630 707 769 790 primum
790 706 924 789 legitur,
947 710 1055 770 tamen
1077 706 1141 770 iam
1164 706 1219 771 diu
1286 789 1289 796 =

93 820 178 883 inter
202 818 380 883 locutiones
408 818 602 883 cottidianas
629 818 729 884 fuisse
758 818 918 902 suspicor,
951 838 1023 882 oum
1050 824 1218 882 ‘commen-

95 930 182 1024 dare’
205 930 318 995 eadem
338 930 378 1009 vi,
403 950 467 1013 qua
489 951 597 1014 supra,
621 929 805 1013 praeditum
828 928 916 1012 apud
938 929 1076 994 oomioos
1099 928 1217 1014 [Plaut.

94 1042 235 1126 Terent]
259 1041 452 1107 ereberrime
476 1041 604 1107 obviam
624 1041 690 1107 fiat.
736 1041 847 1107 Cicero
870 1041 999 1124 quidem
1021 1041 1105 1106 hano
1120 1041 1215 1124 phra-

95 1154 144 1218 sin
166 1154 307 1219 nondum
335 1155 486 1238 praebet,
516 1155 572 1219 sed
602 1154 740 1237 ‘seriptis
770 1152 943 1231 mandare',
975 1153 1101 1218 ‘litteris
1131 1175 1218 1218 man·

95 1266 182 1338 dare’
203 1298 246 1320 =
268 1266 446 1344 sehreiben,
469 1265 686 1331 aufaeiohnen.
731 1264 853 1344 Quibus
884 1263 1101 1329 locutionibus
1131 1267 1220 1329 Anti·

94 1377 256 1443 barbarus
277 1378 293 1442 Ι
314 1399 344 1460 p.
366 1383 428 1442 272
450 1378 583 1443 eandem
607 1378 785 1456 notionem,
814 1397 910 1460 quam
931 1377 978 1440 illi
1000 1376 1136 1441 Brutine
1159 1377 1220 1442 ‘lit-

94 1491 173 1556 teris
196 1489 437 1569 commendare’,
463 1490 628 1571 attribuit,
659 1489 708 1568 id,
732 1488 818 1571 quod
840 1508 905 1552 non
926 1493 1050 1554 rectum
1072 1489 1222 1572 equidem

96 1603 252 1667 existimo.
302 1603 393 1668 Haeo
427 1623 499 1667 mea
535 1601 695 1667 sententia
731 1600 939 1665 confirmatur
968 1621 1021 1680 eo,
1059 1602 1146 1684 quod
1182 1601 1221 1666 H.

96 1714 213 1780 Weber
234 1716 453 1794 ‘Quaestiones
476 1713 685 1782 Catulliauae’
708 1714 798 1796 Prgr.
819 1712 979 1778 Eisenaoh
996 1719 1077 1780 1890
1092 1736 1125 1797 p.
1143 1719 1183 1780 26
1200 1736 1223 1779 s.

96 1826 190 1892 dicit:
219 1827 265 1891 ‘ln
286 1825 396 1910 lingua
417 1827 520 1891 latina
536 1825 715 1910 praefixum
735 1826 823 1890 ‘eom'
845 1825 944 1890 verbo
966 1826 1128 1891 notionem
1149 1847 1222 1910 per·

96 1937 247 2003 festivam
270 1938 403 2019 reddit'3
423 1961 454 2022 p.
479 1943 515 2004 31
542 1938 664 2021 ‘Neque
688 1959 763 2003 vero
786 1937 950 2022 exempla,
973 1959 1055 2021 quae
1077 1938 1221 2002 innume·

95 2048 214 2115 rabilia
242 2049 309 2115 fere
338 2057 427 2130 sunt,
457 2050 610 2116 deficiunt
638 2071 710 2115 eam
738 2050 894 2114 sermonis
920 2049 1038 2132 legem,
1068 2049 1125 2113 sed
1155 2049 1223 2117 eius

95 2163 176 2246 legis
199 2163 361 2228 distinctio
392 2169 425 2227 et
454 2163 538 2227 ratio
569 2161 609 2226 ab
638 2162 710 2246 ipsa
741 2161 836 2226 huius
866 2161 1048 2245 particulae
1070 2161 1159 2226 ‘eom’
1183 2199 1223 2210 -—

96 2275 219 2358 origine
249 2279 375 2354 tracta,
408 2274 451 2340 ad
477 2296 574 2359 quam
595 2273 699 2357 legem
726 2294 790 2338 non
820 2272 921 2353 docti,
950 2272 1006 2338 sed
1036 2273 1137 2352 faeti„
1160 2295 1223 2339 non

82 2367 251 2466 instituti,
274 2386 331 2452 sed
352 2387 468 2453 imbuti
491 2392 584 2466 erant
605 2385 750 2464 Romani,
772 2384 837 2450 illis
858 2385 987 2468 quidem
1009 2386 1044 2449 in
1064 2385 1223 2469 interpre-

98 2496 205 2563 tandis
227 2497 276 2577 iis,
299 2519 382 2582 quae
404 2498 587 2564 sentiebant
603 2497 854 2580 rogitabantque
875 2502 965 2562 reete
985 2497 1070 2561 ultro
1085 2498 1222 2580 impera·

97 2609 163 2688 bat,
183 2609 239 2674 sed
263 2631 326 2674 non
344 2610 540 2695 prohibebat
561 2610 741 2675 contrarios
762 2610 796 2674 in
809 2609 1076 2693 interpretatione
1098 2615 1222 2675 nostra·

97 2722 179 2786 tium
200 2721 364 2787 hominum
386 2723 530 2788 errores’.
575 2722 703 2786 Atiam
724 2722 834 2787 Cicero
860 2722 902 2786 ad
924 2721 1059 2805 phrases
1082 2722 1224 2786 forman·

99 2833 158 2898 das
181 2834 393 2916 compositum
415 2834 657 2899 ‘commendare’
683 2855 744 2918 pro
766 2833 865 2900 verbo
891 2832 1029 2918 simplioi
1051 2834 1223 2900 ‘mandare'

84 2944 243 3024 adhibet,
271 2946 332 3010 etsi
351 2946 440 3011 notio
462 2946 694 3014 ‘auvertrauen'
724 2945 838 3029 procul
859 2945 968 3025 abest,
997 2946 1084 3012 velut
1104 2953 1224 3012 ‘monu-

97 3056 228 3136 mentis,
257 3058 442 3140 posteritati
473 3056 715 3123 commendare’.
770 3057 924 3122 Similiter
954 3057 1085 3123 exbibet
1111 3065 1226 3124 auctor

97 3168 128 3234 b.
150 3167 216 3233 afr.
240 3173 289 3249 34,
311 3173 329 3233 2
353 3176 397 3234 ‘se
417 3169 513 3252 fugae
537 3169 706 3253 eomm'2),
727 3191 799 3235 eum
822 3170 941 3235 Caesar
962 3169 993 3234 b.
1018 3170 1099 3235 Gall.
1123 3177 1151 3235 2.
1167 3176 1224 3255 243

98 3287 127 3360 5,
152 3287 190 3346 18
213 3287 257 3346 ‘se
279 3280 376 3364 fugae
397 3282 560 3347 mandare'
582 3282 701 3347 tradat
746 3281 868 3361 Quibus
890 3284 923 3346 in
945 3282 1161 3349 locutionibus
1183 3306 1223 3349 ne

97 3394 229 3458 minima
260 3392 387 3476 quidem
425 3394 472 3459 vis
504 3395 638 3478 propria
665 3394 913 3479 praepositionis
949 3395 1036 3479 (eon)
1069 3402 1223 3461 remanet.

97 3506 275 3589 Propterea
299 3504 416 3570 Weber
436 3505 456 3569 l.
474 3505 494 3570 l.
516 3529 547 3590 p..
571 3511 608 3572 31
634 3506 712 3571 mihi
735 3506 862 3572 videtur
882 3507 977 3573 nimis
1000 3507 1156 3574 audacter
1176 3509 1223 3573 di·

201 3705 227 3771 1)
244 3703 358 3756 Annoto
373 3702 490 3767 Brutum
504 3702 539 3756 ad
555 3702 648 3758 ‘Briet'
664 3704 873 3774 exprimendum
887 3705 1022 3774 ‘epistula'
1034 3707 1149 3760 verbum
1163 3725 1225 3760 nus·

98 3806 195 3858 quem,
221 3789 270 3843 sed
288 3789 375 3842 octies
392 3788 517 3843 ‘litterae'
536 3789 661 3858 tradere3
687 3807 742 3843 uno
766 3791 829 3843 loeo
846 3791 1010 3845 vocabulum
1029 3790 1154 3846 ‘libellus’
1179 3810 1224 3847 ex·

97 3876 190 3930 hibet:
208 3873 250 3928 Χ]
271 3877 310 3943 11,
332 3877 345 3928 1
365 3875 404 3928 ‘ut
423 3892 458 3928 ex
474 3875 574 3929 libellis
593 3876 651 3929 eius
670 3875 874 3944 animadverti’3
894 3877 971 3931 ouius
989 3877 1023 3931 de
1041 3879 1159 3931 nominis
1177 3896 1224 3932 no-

96 3962 219 4016 tionibus
237 3966 367 4030 egerunt:
396 3960 494 4031 Meyer
511 3961 528 4014 l.
543 3961 560 4015 l.
579 3979 606 4030 p.
624 3963 673 4029 423
700 3961 782 4029 Bimt,
811 3960 937 4016 ‘Antikes
953 3962 1133 4017 Buohwesen‘
1151 3963 1224 4019 Berl.

99 4049 166 4100 1882
184 4048 336 4117 par-443
354 4046 517 4114 Landwehr,
536 4046 661 4101 ‘Studien
682 4049 751 4101 iiber
769 4047 816 4101 das
834 4049 925 4102 antike
941 4047 1120 4103 Buohwesen'
1137 4049 1223 4103 Areh.

97 4133 115 4186 f.
134 4132 281 4201 Lexioogr.
299 4130 343 4186 VI
360 4151 387 4202 p.
405 4135 548 4186 ara-248.

200 4220 227 4286 2)
252 4217 313 4285 Quo
337 4219 371 4272 de
396 4219 530 4272 sermonis
555 4236 605 4271 usn
631 4220 776 4274 cottidiani
807 4221 920 4289 proprio
952 4220 1001 4273 eir.
1026 4221 1150 4274 Koehler
1175 4222 1192 4274 l.
1206 4217 1223 4275 l.

97 4318 124 4374 p.
136 4305 201 4371 aaa,
219 4302 360 4372 Woefflin,
379 4304 522 4359 ‘Latinitat
539 4305 587 4360 des
596 4305 710 4360 Asinius
727 4306 824 4360 Pollio’
842 4306 917 4361 arch.
938 4307 1069 4377 lexicogr.
1083 4307 1126 4363 VI
1144 4327 1170 4376 p.
1182 4311 1224 4362 89.
