2864 4800
604 440 858 510 -9..'

252 613 457 680 vacuitas:
480 615 526 679 XI
549 620 598 695 10,
621 620 639 680 2
663 615 826 700 ‘[primum
848 615 998 696 omnium,
1022 621 1177 699 quantum
1199 637 1273 701 per·
1381 638 1384 643 ’

149 725 367 792 turbationem
383 747 490 792 rerum
504 727 703 793 urbanarum
718 726 835 792 afferat
845 727 960 793 'obitus
976 728 1156 814 consulum]
1173 750 1273 812 quan-

149 828 281 921 tamque
304 838 514 922 cupiditatem
535 838 718 930 hominibus
740 840 853 904 iniciat
874 833 1039 920 vacuitas,
1069 840 1135 904 und
1154 840 1274 906 welche

150 949 377 1016 Leidenschaft
403 949 541 1016 beiden
566 950 739 1017 Menschen
763 951 814 1016 die
834 949 998 1016 Valranz
1019 950 1165 1018 ervveclrt.
1210 952 1272 1017 Vo-

150 1060 310 1141 cabulum,
333 1061 420 1145 quod
442 1068 491 1128 661
513 1065 676 1143 vacuitas,
697 1063 731 1127 in
752 1062 914 1129 Ciceronis
936 1043 1083 1147 epistulis
1105 1083 1274 1147 nusquam,

150 1173 208 1238 sed
230 1178 384 1257 quattuor
413 1173 494 1240 loeis
515 1175 673 1240 librorum
693 1174 989 1259 philosophicorum
1011 1180 1132 1242 exstat:
1160 1173 1200 1242 de
1221 1175 1274 1241 fin.

149 1285 235 1366 111,
259 1291 308 1351 37.
352 1285 445 1351 ‘Nam
467 1287 628 1370 quoniam,
651 1308 724 1353 oum
744 1287 954 1372 privamur
975 1287 1095 1368 dolore,
1117 1286 1274 1353 libera·

149 1398 262 1463 tione
292 1403 332 1463 et
357 1399 569 1465 vacuitate
597 1399 699 1465 omnis
729 1400 896 1466 molestiae
923 1399 1127 1482 gaudemus’3
1158 1398 1275 1483 quibus

150 1509 257 1575 verbis
296 1508 406 1576 Cicero
434 1510 628 1594 Epicureum
650 1511 763 1577 illud:
801 1510 822 1598 ἡ
850 1510 973 1592 παντὸς
1002 1519 1064 1580 τοῦ
1093 1508 1275 1598 ἀλγοῦντος

151 1619 354 1708 ὑπεξαίρεσις
371 1621 467 1708 [Cell.
489 1622 527 1688 N.
550 1627 616 1687 Att.
639 1622 670 1687 11
693 1629 721 1703 6,
747 1625 800 1709 12]
831 1623 962 1708 effingit.
1007 1622 1151 1689 Eandem
1170 1623 1274 1688 notio·

150 1754 228 1798 nem
245 1754 368 1799 nomen
384 1733 547 1800 ‘vacuitas'
578 1735 677 1800 etiam
708 1736 823 1800 ceteris
851 1735 931 1801 locis
952 1735 1169 1801 Ciceronianis
1192 1735 1275 1801 obti-

149 1850 222 1910 net:
244 1845 357 1910 defin.
380 1847 411 1911 11
436 1852 484 1926 11,
505 1852 546 1911 34
568 1847 723 1912 ‘vacuitas
744 1846 889 1928 doloris'3
912 1848 1039 1913 Tuscul
1061 1847 1150 1931 Disp.
1173 1847 1201 1912 V
1227 1852 1276 1926 14,

151 1962 192 2022 42
216 1957 371 2024 ‘vacuitas
399 1958 634 2042 aegritudinis'3
665 1957 705 2024 de
728 1957 780 2024 off.
804 1959 821 2024 I
842 1963 892 2040 21,
915 1964 955 2025 18
978 1959 1133 2024 ‘vacuitas
1155 1958 1197 2022 ab
1220 1979 1277 2023 an·

151 2068 301 2153 goribus'.
345 2070 465 2135 Brutus
495 2071 562 2135 sine
585 2069 683 2134 dubio
706 2070 772 2135 sive
795 2091 834 2135 ex
855 2070 947 2136 libris
972 2071 1038 2135 sive
1059 2091 1099 2136 ex
1121 2070 1275 2136 sermoni·

149 2181 212 2251 bus
234 2181 397 2247 Ciceronis
416 2182 500 2248 hanc
525 2202 636 2247 vocem
661 2203 777 2247 novam
806 2182 955 2265 cognovit
974 2202 1110 2266 eamque
1132 2181 1272 2248 fortasse

151 2293 244 2377 quasi
265 2295 373 2360 iocose
393 2295 428 2358 in
450 2293 588 2378 epistula
612 2293 654 2360 ad
676 2292 813 2359 eundem
835 2293 1021 2359 Ciceronem
1042 2295 1120 2360 data
1143 2294 1276 2360 adhibet

150 2406 194 2472 ad
218 2428 270 2472 res
291 2406 456 2491 pubheas‚
487 2426 571 2490 quae
600 2411 669 2472 tum
699 2410 857 2472 erant-
878 2411 1016 2490 utroque
1041 2407 1126 2472 enim
1148 2406 1278 2472 consule

151 2518 279 2584 sublato
319 2518 488 2603 republica
527 2520 595 2585 sine
635 2518 828 2602 magistratu
861 2524 932 2584 erat
966 2556 1006 2566 -
1040 2517 1276 2602 significandas.

150 2629 264 2696 Paullo
294 2635 368 2713 post
398 2630 534 2696 Brutum
562 2629 696 2696 verbum
725 2629 889 2696 ‘vacuitas‘
920 2630 1007 2714 apud
1035 2631 1216 2696 Vitruvium
1246 2631 1278 2694 11

151 2748 170 2807 7
173 2747 208 2823 ,2
224 2742 265 2807 ad
279 2743 442 2807 notionem
460 2743 573 2809 ‘leerer
587 2743 701 2808 Raum’
718 2743 959 2827 exprimendam
973 2742 1154 2807 adhibetur.
1189 2741 1277 2807 Alte·

149 2877 223 2920 rum
244 2860 352 2920 autem
374 2854 555 2938 exemplum
577 2853 645 2921 eius
666 2876 744 2920 usus
775 2855 831 2939 qui
856 2854 943 2940 apud
964 2855 1100 2921 Brutum
1117 2860 1168 2920 est
1190 2854 1277 2939 apud

151 2967 325 3051 scriptores
347 2968 565 3033 Romanorum
587 2967 708 3032 frustra
730 2968 907 3050 quaeritur.

251 3079 350 3163 b)'de
372 3101 434 3146 usu
456 3079 611 3163 singulari
633 3080 880 3163 praepositionis
903 3079 951 3144 ‘a'.

254 3196 410 3256 acerto
440 3211 561 3257 sensu
590 3195 630 3256 et
650 3211 746 3256 vero
767 3191 955 3257 iudicare
981 3188 1028 3256 de
1050 3190 1206 3274 aliquo:
1230 3191 1276 3255 lll

153 3308 203 3383 10,
228 3309 243 3368 l
268 3308 315 3369 ‘tu
330 3304 414 3368 euim
437 3324 457 3368 a
479 3308 568 3369 certo
585 3324 681 3368 sensu
702 3308 735 3368 et
751 3293 831 3368 'vero
844 3303 969 3369 iudicas
989 3302 1029 3368 de
1043 3302 1153 3384 nobis;
1175 3303 1277 3388 [quod

150 3415 206 3480 isti
227 3435 267 3480 ne
296 3414 433 3495 faciant,
461 3436 586 3480 summa
606 3414 832 3481 malevolentia
861 3420 893 3481 et
912 3414 1013 3481 livore
1035 3415 1277 3500 impediuntur]‚

151 3527 196 3592 du
225 3526 353 3593 urteilst
382 3527 463 3592 iiber
493 3548 554 3592 uns
582 3548 644 3593 von
671 3528 775 3592 einem
804 3527 931 3593 sichern
961 3527 1027 3592 und
1046 3527 1176 3591 wahren
1198 3527 1276 3591 Par·

151 3637 417 3723 teistandpunlvte
440 3660 507 3704 aus.
552 3638 690 3704 ‘Sensus‘
720 3638 782 3704 hac
804 3639 835 3704 vi
856 3638 1039 3722 praeditum
1062 3642 1170 3704 exstat
1189 3637 1277 3721 apud

151 3751 338 3816 Ciceronem
358 3750 437 3815 locis
455 3750 564 3815 multis
586 3750 673 3817 velut
693 3772 741 3834 pr.
764 3750 829 3816 Mil.
850 3756 898 3830 15,
922 3756 962 3815 42
993 3748 1082 3814 ‘nihil
1113 3754 1163 3815 est
1193 3750 1277 3814 enim

151 3868 219 3928 tam
310 3861 452 3928 flexibile
475 3882 572 3946 quam
594 3862 742 3928 voluntas
766 3883 842 3946 ergo
863 3882 923 3927 nos
937 3882 1114 3946 sensusque
1137 3862 1276 3942 civium'3

150 3997 200 4061 pr.
224 3974 322 4040 Marc.
346 3981 374 4054 6,
399 3980 437 4041 16
469 3975 582 4040 ‘nostri
604 3975 689 4039 enim
711 3996 824 4040 sensus
846 3979 883 4040 ut
903 3974 937 4038 in
956 3995 1037 4059 pace
1060 3995 1201 4058 semper,
1232 3974 1279 4039 sic

151 4094 221 4152 tum
244 4088 343 4152 etiem
364 4086 398 4150 in
419 4087 505 4153 bello
529 4086 781 4180 congruebant‘3
806 4086 888 4154 Phil.
910 4086 940 4150 X
963 4092 992 4166 2,
1014 4092 1034 4150 4
1056 4086 1123 4169 ‘qui
1145 4090 1195 4150 est
1216 4085 1278 4150 iste

150 4205 228 4265 tuus
245 4221 366 4277 sensus,
388 4220 471 4282 quae
487 4199 664 4282 cogitatio?
707 4198 826 4263 Brutos
841 4203 878 4263 ut
895 4218 960 4262 non
976 4196 1103 4282 probes,
1124 4197 1279 4262 Antonios

150 4311 295 4396 probes?
329 4311 371 4375 ad
400 4312 465 4375 Att.
495 4310 552 4374 XV
585 4317 634 4391 la,
664 4315 682 4375 3
721 4316 791 4394 ‘ego
829 4314 938 4376 autem
970 4309 1121 4394 perspexi
1153 4329 1279 4374 omnem
