2864 4800
607 415 815 485 -14..

148 591 252 658 xisse:
282 590 436 659 ‘Eandem
458 611 535 658 vero
558 592 591 658 in
610 591 673 658 hac
693 611 772 658 usus
794 591 981 657 diversitate
1005 587 1216 656 stabilitatem
1243 592 1278 655 et

141 704 357 771 constantiam
386 723 496 770 omnes
525 704 630 771 bonae
659 704 863 788 antiquitatis
894 704 1068 788 scriptores
1099 708 1132 767 et
1156 708 1275 787 poetas

140 822 354 883 sustentatam
382 816 541 900 praebere
577 816 612 881 id
641 815 787 900 quidem,
828 836 1025 899 quamquam
1053 816 1126 900 ipsa
1155 815 1275 880 horum

81 966 83 971 ν
140 929 281 994 omnium
303 929 485 1012 cognitione
509 949 574 993 non
596 927 744 1008 edoctus,
777 933 886 993 tamen
915 929 995 992 satis
1016 926 1134 992 idonea
1154 927 1275 992 notitia

141 1041 271 1106 adiutus
299 1040 456 1124 firmoque
479 1045 641 1106 certarum
670 1040 835 1105 notionum
863 1040 1027 1124 praesidio
1049 1040 1177 1104 innixus
1199 1039 1274 1103 iure

138 1173 211 1218 mec
239 1152 377 1218 fidenter
404 1153 594 1219 confirmare
622 1132 744 1218 ausim’.
767 1152 933 1218 -Notus
964 1151 1093 1235 quidem
1122 1156 1171 1216 est
1201 1172 1274 1216 mos

139 1270 238 1348 atque
259 1265 417 1349 imprimis
439 1266 596 1331 sermonis
619 1264 789 1330 cottidiani
808 1265 976 1348 proprius,
1000 1269 1041 1328 nt
1063 1262 1166 1328 verba
1184 1283 1274 1328 com·

139 1377 248 1460 posita
268 1397 330 1461 pro
351 1376 460 1442 vorbis
479 1376 679 1460 simplicibus
707 1376 775 1442 sine
798 1374 980 1441 differentia
1001 1380 1179 1460 ponantnr3
1201 1375 1273 1439 vul-

139 1509 199 1571 gus
221 1488 307 1554 enim
328 1487 527 1573 plenioribus
549 1487 660 1554 formis
689 1487 828 1553 libenter
859 1509 952 1553 usum
981 1508 1041 1572 pro
1065 1485 1171 1552 verbis
1194 1486 1272 1551 sim·

139 1600 277 1684 plicibus
300 1621 372 1666 cum
394 1599 495 1666 verba
517 1601 696 1685 composita
718 1606 788 1665 tum
807 1620 866 1684 per
888 1599 966 1664 ‘con’
996 1598 1271 1684 praepositionem

140 1711 256 1778 effecta
277 1713 383 1797 ponit3
406 1712 462 1778 cfr.
481 1712 641 1778 Woelfflin
656 1712 873 1796 ‘Vulgaerlat'
917 1711 1030 1776 Philol.
1048 1716 1088 1776 34
1106 1734 1136 1795 p.
1156 1716 1216 1777 158
1227 1733 1270 1792 s.;

139 1825 338 1904 Thielmann,
361 1826 419 1889 ‘De
441 1825 597 1890 sermonis
618 1824 882 1909 proprietatibus,
905 1844 989 1907 quae
1008 1824 1159 1906 leguntur
1181 1823 1271 1906 apud

139 1936 343 2002 Cornificium
365 1942 399 2002 et
419 1937 453 2001 in
473 1937 586 2021 primis
615 1936 778 2002 Ciceronis
806 1935 907 2000 libris'
938 1935 1139 2017 Strassburg.
1185 1940 1270 2000 1879

137 2069 168 2131 p.
190 2053 235 2128 6.;
258 2047 395 2132 Rebling
414 2049 435 2112 l.
457 2048 477 2113 l.
500 2071 531 2132 p.
557 2053 606 2114 29.
628 2085 671 2098 --
693 2048 874 2131 Scriptores
900 2052 1081 2131 temporum
1107 2046 1269 2130 posterio-

138 2180 210 2224 rum
232 2160 318 2224 hunc
340 2160 468 2225 dicendi
482 2182 576 2226 usum
598 2180 725 2244 semper
746 2158 814 2225 fere
834 2164 1013 2242 sequuntur
1033 2179 1137 2241 neque
1158 2164 1269 2223 tamen

139 2271 252 2336 eadem
274 2272 414 2353 notione,
437 2293 502 2355 qua
517 2271 637 2337 Brutus
653 2272 734 2351 loco,
757 2292 852 2355 quem
868 2292 967 2356 supra
983 2270 1130 2349 diximus,
1148 2270 1269 2352 utitur;

139 2403 213 2448 nam
241 2384 283 2449 ab
310 2384 350 2449 iis
377 2384 511 2450 verbum
541 2384 753 2468 compositum
774 2382 1017 2448 ‘commendare’
1046 2403 1106 2467 pro
1129 2380 1269 2465 simplici

138 2495 312 2560 ‘mandare’
332 2496 523 2581 plerumque
543 2495 694 2561 traditur.
925 2572 928 2582 .

241 2607 446 2673 conferre:
470 2607 517 2672 XI
532 2611 601 2686 130,
616 2612 635 2674 3
657 2608 701 2672 ‘in
716 2612 882 2691 posterum
897 2606 981 2672 diem
999 2607 1063 2672 iter
1081 2627 1173 2671 suum
1190 2626 1266 2670 con·

138 2719 233 2799 tulit,
264 2739 299 2785 er
324 2719 480 2786 verschoh
510 2719 620 2784 seinen
649 2719 779 2784 Marsch
811 2718 871 2785 auf
897 2718 959 2783 den
988 2718 1159 2801 folgenden
1188 2717 1266 2800 Tag.

139 2830 210 2896 Hoc
232 2836 282 2896 est
304 2852 341 2896 eo
363 2830 548 2911 notabilius,
572 2831 659 2914 quod
678 2831 789 2916 paullo
810 2837 885 2915 post
907 2835 1031 2897 exstat:
1057 2834 1125 2910 l3a,
1147 2836 1167 2894 4
1190 2837 1266 2894 ‘me-

138 2963 256 3027 umque
277 2945 341 3009 iter
365 2963 403 3009 eo
425 2942 556 3008 contuli’
575 2975 619 2998 =
640 2943 707 3008 und
736 2943 790 3007 ich
817 2943 955 3008 richtete
985 2942 1111 3007 meinen
1134 2941 1266 3005 Marsch

139 3045 246 3134 dobin,
269 3055 326 3121 cfr.
342 3077 373 3140 p.
390 3061 439 3135 52,
463 3055 518 3121 ubi
540 3055 580 3120 de
602 3055 665 3119 hac
686 3076 722 3120 re
745 3074 848 3138 agam.
893 3053 1029 3119 Omnino
1047 3053 1150 3118 eidem
1166 3052 1268 3119 verbo

137 3167 248 3251 paullo
269 3173 344 3251 post
371 3168 490 3233 iterato
520 3165 617 3232 aliam
644 3165 909 3250 significationem
937 3165 1116 3231 attribuere
1145 3165 1267 3230 Brutus

137 3278 266 3344 videtur
287 3299 397 3345 amare
407 3280 442 3364 1).
464 3317 506 3327 -
537 3278 583 3343 ‘In
611 3282 778 3363 posterum
800 3277 885 3343 diem
909 3277 973 3342 iter
994 3298 1087 3342 suum
1109 3276 1266 3341 conferre'

138 3390 219 3456 illud
241 3391 371 3475 quidem
392 3410 551 3474 nusquam
573 3390 651 3457 alibi
673 3390 746 3474 legi,
768 3390 825 3456 sed
842 3390 978 3455 similem
999 3389 1064 3454 rim
1083 3393 1181 3471 atque
1202 3388 1266 3453 hoc

137 3502 208 3568 loco
220 3509 311 3569 tenet
326 3503 490 3570 ‘conferre‘
506 3502 585 3567 locis
595 3503 685 3586 prius
697 3502 843 3568 traditis:
866 3501 987 3587 Turpil.
999 3500 1264 3584 134111111111111.
1279 3514 1283 3522 ’

136 3615 168 3679 Π
196 3615 324 3681 ‘abhinc
357 3616 531 3681 triennium
563 3615 779 3680 Sacerrimum
809 3613 1005 3679 domicilium
1037 3614 1098 3677 boc
1134 3612 1264 3696 quidem

99 3801 100 3804 Ἴ
139 3728 276 3793 contulit
296 3728 411 3810 Lenc’3
441 3747 505 3811 quo
527 3726 598 3791 loco
626 3727 669 3791 ad
690 3726 883 3792 sententiam
905 3746 989 3808 quae
1019 3730 1068 3791 est
1096 3725 1266 3808 tVerlegen

140 3840 230 3904 einer
250 3840 429 3923 Wohnnng’
451 3837 633 3904 adhibetur.
677 3837 800 3904 Eadem
821 3839 908 3903 notio
931 3837 1043 3902 localis
1067 3817 1158 3903 verbi
1179 3843 1266 3901 ‘con-

138 3951 232 4017 ferre'
263 3952 296 4016 in
334 3972 480 4017 sermone
507 3949 641 4016 militari
671 3951 827 4017 occurrit:
857 3950 888 4015 b.
913 3949 979 4014 Afr.
1004 3955 1057 4029 68,
1087 3953 1105 4012 2
1144 3955 1266 4013 ‘castra

138 4085 179 4130 ex
208 4064 330 4149 campis
350 4064 384 4129 in
407 4064 521 4129 collem
543 4062 708 4130 conferre’.
1125 4072 1128 4076 ’

150 4345 153 4350 -
242 4315 335 4385 1)011.
354 4331 381 4384 p.
401 4315 433 4368 12
453 4307 582 4386 [tollereJ.

19 4454 142 4512 h·-
