2864 4800
612 435 827 494 „51-

255 603 301 665 XI
326 606 394 680 130,
412 606 447 666 3:
469 622 545 665 nam
568 621 663 666 suos
686 602 806 666 valde
828 622 944 686 quem
966 625 1120 687 pauoos
1136 605 1282 693 [milites]
1391 601 1393 605 ’

151 713 259 778 hebet.
1130 708 1132 711 ’

253 825 300 889 XI
320 832 349 906 9,
375 831 408 890 l:
438 827 472 890 iu
502 826 615 910 primis
644 831 794 909 rogote,
825 826 867 891 ad
893 826 1055 893 hominem
1077 831 1283 896 ventosis-

152 937 307 1017 simum,
329 937 497 1021 Lepidum,
518 939 639 1003 mittas.

255 1051 286 1133 0)
309 1049 443 1132 Dignae,
465 1069 546 1133 ques
569 1071 824 1130 commemorem,
848 1055 923 1116 suut
944 1056 1128 1118 structurae
1149 1052 1227 1119 hae:

254 1162 300 1226 XI
325 1166 375 1240 10,
397 1167 432 1226 3:
456 1143 641 1246 [Antonius]
662 1163 878 1245 ergastula
896 1163 1127 1249 solvend01)
1147 1184 1282 1233 omno·

151 1295 226 1358 que
249 1295 376 1357 genus
396 1273 599 1339 hominum
622 1261 865 1359 arripieudo
897 1275 976 1341 satis
998 1292 1150 1360 maguum
1172 1298 1282 1345 uume-

150 1409 223 1452 rum
245 1386 411 1472 [militum]
432 1385 561 1450 videtur
583 1385 736 1452 effeeisse.

252 1499 298 1562 XI
328 1503 375 1578 10,
402 1503 435 1562 4:
466 1498 885 1581 seruoquecaesari
913 1500 1112 1584 imperari
1140 1506 1283 1585 potest

150 1632 222 1675 neo
244 1611 395 1675 (laesor
416 1610 623 1675 exercitui
646 1632 726 1676 sue.

140 1725 142 1728 ’
253 1722 298 1786 XI
320 1727 369 1801 10,
393 1729 429 1788 5:
451 1709 578 1787 tautum
601 1721 702 1801 abest,
725 1728 762 1787 ut
782 1744 873 1789 meae
892 1724 940 1788 rei
955 1724 1124 1789 familiaris
1140 1724 1278 1790 liberum

150 1835 193 1899 sit
208 1834 390 1917 quicquam,
411 1840 455 1899 ut
477 1855 612 1901 omnes
633 1836 711 1899 iam
726 1855 834 1900 meos
855 1835 1008 1901 omioos'
1030 1856 1123 1902 uere
1147 1836 1282 1903 aliens

151 1945 457 2011 obstrinxerim.

252 2058 297 2122 XI
324 2064 370 2137 11,
394 2064 430 2123 l:
461 2078 502 2122 ue
529 2058 569 2123 de
597 2057 716 2123 Planco
748 2059 877 2143 quidem
903 2079 993 2143 spem
1021 2059 1127 2124 adhue
1151 2059 1280 2141 abiecit,

151 2175 188 2235 ut
216 2192 255 2235 ex
276 2169 394 2235 libellis
415 2171 483 2235 eius
505 2171 734 2250 animadverti,
764 2172 832 2254 qui
857 2172 897 2235 iu
918 2192 976 2236 me
998 2171 1281 2256 incideram).

254 2283 300 2346 Xl
333 2288 380 2361 11,
412 2288 446 2347 1:
477 2288 510 2347 et
542 2282 642 2348 biduo
674 2282 723 2347 eb
754 2282 1051 2366 Allobrogibus
1084 2289 1124 2348 et
1150 2285 1282 2350 totius

151 2393 314 2458 Galliae
335 2394 498 2478 legatos
521 2399 733 2479 exspem,
757 2415 837 2478 quos
857 2394 1063 2462 confirmatos
1080 2395 1210 2461 domum
1230 2418 1279 2462 re·

150 2507 286 2571 mittem.

254 2619 300 2683 XI
322 2623 372 2698 20,
397 2625 433 2683 l:
463 2639 560 2702 saepe
583 2619 666 2683 enim
696 2618 775 2684 mihi
798 2639 883 2683 eum
905 2624 1016 2684 esset
1038 2619 1191 2684 dietum
1214 2635 1282 2684 ne'·

151 2752 226 2813 que
249 2752 269 2794 e
289 2751 345 2794 me
364 2735 655 2814 contemptum,
675 2731 846 2796 novissime
861 2730 971 2796 Labeo
988 2731 1146 2815 Segulius,
1167 2731 1281 2797 homo

151 2843 214 2907 sui
237 2842 488 2921 simillimus,
510 2848 625 2907 narrat
644 2842 722 2906 mihi
745 2843 832 2927 apud
855 2843 1025 2909 Caesarem
1048 2843 1214 2908 soluisse.

253 2956 299 3019 XI
320 2960 370 3027 20,
394 2961 428 3019 3:
459 2954 574 3019 deinde
604 2954 644 3020 de
673 2955 842 3039 praemiis,
872 2956 900 3020 si
928 2954 989 3020 tibi
1011 2955 1152 3034 videtur,
1183 2976 1280 3039 agros

150 3087 286 3131 eorum
309 3066 499 3146 militum,
529 3066 585 3149 qui
613 3086 685 3131 oum
709 3067 848 3131 Antonio
875 3068 1020 3133 veterani
1039 3066 1186 3147 fuerunt,
1215 3066 1281 3131 his

151 3199 282 3243 censeas
304 3178 428 3243 dandos
450 3177 492 3243 ab
516 3179 664 3261 utrisque
685 3176 787 3243 nobis.

253 3290 288 3374 d)
311 3291 358 3355 De
374 3289 600 3371 locutionibus,
617 3289 968 3374 eiroumsoriptionib'us
983 3312 1043 3375 per
1057 3290 1158 3356 verba
1171 3291 1281 3376 ‘coepi

151 3403 238 3482 dere,
262 3423 342 3482 esse,
356 3386 481 3481 'faeere
504 3400 635 3467 habere’
660 3401 793 3467 effectis.

254 3516 288 3597 α)
311 3515 443 3598 coepi:
467 3515 512 3579 XI
535 3520 604 3594 l3a‚
628 3521 646 3580 3
671 3515 788 3580 ‘contio
812 3515 881 3579 eius
904 3514 946 3579 ed
969 3536 1019 3579 me
1043 3520 1092 3579 est
1114 3514 1223 3595 allata,
1247 3515 1282 3579 in

150 3647 216 3709 qua
238 3632 349 3709 petere
372 3627 480 3711 eoepit
503 3647 523 3691 a
545 3626 727 3708 militibus’3
750 3631 849 3709 atque
873 3626 970 3692 etiem
991 3628 1024 3690 in
1048 3625 1162 3695 eudem
1184 3647 1280 3711 para·

254 3878 279 3945 1)
298 3875 435 3930 Notabilis
453 3880 496 3930 est
512 3876 581 3930 heeo
600 3879 747 3943 structure,
766 3875 841 3944 quod
858 3875 962 3929 Brutus
980 3893 1032 3945 pro
1045 3876 1194 3946 participio
1212 3876 1281 3944 perf.

150 3980 230 4032 pass,
251 3980 321 4031 quae
335 3963 423 4016 forma
439 3979 492 4015 usu
504 3962 615 4015 dicendi
625 3964 701 4017 bono
719 3962 765 4016 hio
778 3963 941 4031 postulatur,
960 3962 1142 4032 gerundivum
1153 3961 1281 4029 exhibot;

150 4049 200 4101 cfr.
218 4048 354 4102 Kuehner
371 4047 403 4101 ΙΙ
421 4066 448 4117 p.
468 4050 526 4102 564.
545 4065 606 4100 onn.
623 4049 649 4101 4.

252 4135 279 4202 2)
300 4133 342 4186 ‘In
361 4134 480 4202 aliquem
496 4133 629 4187 inuidere‘
648 4159 681 4177 =
700 4134 728 4186 in
747 4133 791 4188 die
809 4133 910 4187 thde
928 4133 1080 4189 Jemondee
1098 4133 1195 4200 follen3
1213 4130 1281 4186 hoeo

149 4219 254 4273 locutio
273 4235 400 4274 sermone
420 4237 454 4273 ex
473 4218 626 4273 cottidiano
645 4235 744 4288 porum
760 4223 891 4274 securata
916 4218 1025 4274 obtinet
1042 4219 1135 4274 loeum
1152 4217 1283 4273 dictionis

149 4306 284 4359 urbanae:
304 4305 395 4360 ‘elicui
411 4305 441 4359 in
458 4322 556 4359 manue
573 4304 713 4360 inuidere’.
1069 4316 1072 4322 ’

1044 4356 1188 4444 ω’
