2864 4800
675 403 889 474 ..50-

217 573 366 662 bruges
388 577 681 663 equitatusque
705 579 848 660 omnis,
872 580 928 664 qui
950 600 989 645 eo
1008 580 1206 664 praemissus
1229 585 1303 644 erat
1329 601 1349 645 a

217 691 320 772 nobis,
343 692 624 773 sustinebant,
646 697 822 776 nostroque
836 690 978 758 adventu
999 692 1200 757 sustineri
1221 691 1352 758 facilius

216 824 313 887 posse
335 803 534 873 confidimus.
838 855 840 859 ,

232 996 235 1002 ¹
320 916 366 981 XI
397 921 447 981 20.
471 920 508 982 3:
543 914 623 982 illud
650 916 740 999 vido,
776 937 816 982 ne
852 916 1032 985 timendo
1070 917 1172 1000 magis
1201 917 1352 981 timere

217 1047 357 1110 cogare..

233 1220 235 1225 .
320 1139 366 1203 XI
388 1143 439 1219 20,
464 1143 499 1204 l:
521 1143 554 1204 te
573 1138 710 1220 dixisse,
731 1138 929 1205 laudandum
953 1138 1208 1217 adnleseentam,
1231 1161 1352 1204 ornan·

218 1250 309 1329 dum,
344 1249 586 1332 tollendum;
620 1272 655 1316 se
684 1273 747 1317 non
782 1270 852 1316 esso
885 1252 1147 1330 commissurum,
1182 1256 1219 1316 ut
1251 1252 1353 1317 tolli

216 1367 335 1447 posset.

139 1507 145 1515 ·
185 1476 188 1483 '
238 1532 241 1537 .
313 1474 373 1554 XI,
398 1479 425 1555 l,
447 1480 483 1540 4:
510 1494 571 1559 pro
593 1474 703 1540 Cassio
728 1480 761 1540 et
783 1481 835 1555 ta,
864 1475 891 1540 si
919 1474 999 1558 quid
1028 1496 1079 1540 ma
1109 1474 1215 1540 velitis
1241 1475 1352 1539 reei-

216 1607 329 1670 pere,
352 1586 557 1671 recipiam.

318 1699 365 1764 XI
387 1703 438 1780 23,
460 1705 496 1766 1:
521 1720 580 1765 nos
599 1699 653 1765 hio
675 1699 857 1765 valemus
880 1703 968 1765 route
991 1703 1034 1779 et,
1056 1720 1120 1782 quo
1142 1698 1258 1765 molius
1280 1721 1351 1764 va·

215 1811 385 1892 luamus,
408 1831 540 1895 operam
562 1811 719 1878 dabimus.

317 1921 353 2006 b)
374 1922 584 1991 Abundantia
609 1923 768 2007 quaedam
789 1923 961 1989 verborum
984 1928 1123 2007 apparet
1143 1944 1183 1988 ox
1204 1923 1273 1988 his:

318 2033 360 2098 Xl
391 2039 461 2115 13a,
489 2040 527 2100 4:
564 2035 598 2101 in
635 2056 725 2118 spem
761 2041 932 2115 venerant,
974 2034 1062 2118 quod
1100 2056 1204 2118 neque
1233 2034 1350 2100 Planci

216 2152 371 2230 quattuor
391 2145 534 2230 legiones
556 2147 704 2215 omnibus
730 2148 796 2213 suis
828 2147 929 2231 oopiis
957 2168 1055 2231 pares
1076 2146 1349 2215 arbitraban-

215 2264 282 2324 tur
311 2279 416 2342 neque
445 2279 485 2324 ex
518 2259 614 2325 ltalia
641 2265 710 2324 tam
742 2259 891 2325 celeriter
921 2259 1097 2326 exereitum
1126 2259 1222 2325 traici
1252 2280 1351 2344 posse

216 2370 453 2436 eredebant

317 2482 363 2547 XI
394 2487 468 2562 13a,
497 2489 533 2549 5:
563 2504 619 2548 vos
651 2502 834 2566 magnum
865 2483 1038 2549 animum
1071 2483 1351 2567 optimamque

214 2614 321 2679 spem
344 2593 384 2660 de
407 2615 532 2659 summa
553 2593 722 2679 republioa
742 2594 865 2660 habere
886 2596 1042 2661 volumus.

316 2706 362 2771 XI
388 2712 417 2787 4,
450 2712 485 2772 l:
528 2729 592 2773 non
627 2711 695 2775 tam
734 2727 851 2773 nomeu
888 2707 1133 2792 imperatorium
1172 2712 1350 2801 captans

213 2839 310 2901 quam
333 2818 502 2902 cupiens
522 2818 679 2884 militibus
700 2820 780 2886 satia
796 2819 905 2885 faeere
919 2818 1094 2904 firmosque
1116 2839 1171 2886 eos
1183 2818 1236 2889 ,ad
1252 2825 1349 2887 tuen·

213 2930 272 2996 das
293 2935 424 2996 nostras
445 2952 498 2997 res
520 2930 657 2997 efficere.
1100 3017 1103 3022 ι

315 3042 361 3107 Xl
386 3047 495 3123 20,1:
524 3043 632 3127 ipsum
662 3042 833 3109 Caesarem
865 3043 945 3108 nihil
971 3063 1049 3109 sane
1071 3043 1112 3109 de
1134 3049 1167 3108 te
1196 3048 1351 3127 questum

211 3155 293 3220 uisi
336 3155 490 3221 dietum
528 3155 634 3241 quod
669 3155 830 3222 diesrat
867 3161 907 3220 te
941 3156 1116 3236 dixisse,
1147 3154 1351 3221 laudandum

212 3265 463 3348 adulescentem,
486 3267 675 3348 ornandum,
697 3267 884 3333 tollendum.
1223 3280 1225 3284 ’

315 3379 361 3444 XI
391 3386 420 3459 9,
451 3384 488 3445 2:
528 3380 585 3445 sed
622 3380 728 3463 quod
759 3379 855 3445 mihi
890 3380 1255 3463 persuasissimum
1285 3385 1352 3444 ost

211 3490 370 3577 Lepidum
392 3496 480 3558 reeta
503 3491 665 3558 fauturum
686 3512 872 3577 numquam,
895 3492 923 3557 si
945 3491 1030 3557 forte
1052 3491 1142 3557 vobis
1163 3490 1197 3555 id
1219 3490 1261 3556 de
1284 3491 1350 3558 hoe

213 3601 347 3668 dubium
370 3607 427 3669 est.

104 3848 106 3853 ¹
211 3858 256 3915 IV
273 3863 314 3930 33,
334 3863 348 3914 l
375 3859 446 3931 [ipso
465 3864 573 3915 terrore
590 3878 725 3930 equorum
744 3861 855 3916 ordines
872 3862 1036 3932 plerumque
1053 3856 1247 3931 perturbant];
1272 3861 1302 3918 b.
1325 3881 1349 3919 o.

210 3945 261 4001 III
278 3949 355 4016 49,1
382 3946 454 4017 [ipsa
478 3964 543 4016 spes
566 3947 689 4017 inopiam
713 3947 912 4018 sustentabat];
941 3946 1205 4015 Oie.aead.1149,
1226 3951 1276 4003 127
1296 3949 1349 4021 [in-

208 4033 349 4103 indagstio
376 4033 437 4103 ipsa
461 4050 553 4087 rerum
579 4033 751 4088 occultarum
769 4033 857 4088 habet
874 4030 1115 4102 delectationem];
1142 4033 1169 4087 d.
1186 4032 1232 4088 fin.
1252 4033 1285 4088 ΙΙ
1306 4039 1349 4106 31,

210 4120 267 4172 100.
280 4150 314 4158 -
333 4117 387 4186 Qui
404 4136 469 4172 usus
481 4120 652 4190 pronominis
670 4119 745 4188 ‘ipse’
765 4121 817 4173 etsi
836 4119 910 4173 haud
923 4121 962 4173 ita
977 4120 1073 4189 paucis
1086 4119 1350 4190 probatissimorum

206 4204 276 4261 louis
293 4206 462 4274 scriptorum
480 4210 584 4274 exstat,
611 4209 704 4259 tamen
723 4205 792 4274 loei,
819 4207 919 4274 quibus
946 4205 1022 4275 ‘ipsa’
1041 4223 1058 4258 a
1075 4205 1259 4275 substantivo,
1276 4225 1349 4276 quo-

207 4307 271 4344 cum
289 4295 333 4345 est
350 4309 432 4346 sensu
450 4293 637 4360 eomunetum,
657 4295 714 4346 tam
732 4292 832 4361 proeul
850 4292 943 4362 distet,
960 4292 1006 4346 vix
1024 4291 1208 4363 reperiuntur.
