2864 4800
537 411 666 486 aas
715 457 756 470 ..

80 609 167 656 mum
198 608 328 676 quoqne
354 591 418 657 dici
448 597 597 677 coeptum
624 593 735 678 volgo,
766 591 852 676 qnod
881 610 954 658 mea
981 594 1136 659 memoria
1168 599 1206 659 nt

81 704 191 769 Aelius
212 707 263 769 sie
279 724 370 770 senes
393 705 533 788 aliquot,
562 705 696 770 nimium
717 703 989 771 novum=verhun
1012 705 1099 788 quod
1121 712 1207 772 esset

80 814 238 896 vitabant,
259 819 377 900 quoius·
396 817 497 901 origo,
517 821 557 882 ut
577 836 598 881 a
618 821 727 882 vetere
747 816 907 882 vetustius
918 836 968 883 -ac
989 809 1205 898 veterrimum,

81 927 128 992 sic
147 927 189 993 ab
210 944 294 994 nove
314 928 510 994 declinatum
532 929 660 1014 [novius
681 929 728 1014 et]
748 929 969 1016 novissimum,
992 928 1079 1013 quod
1101 935 1205 996 extre·

80 1039 187 1104 mum?
208 1077 251 1088 -
271 1041 341 1119 Quo
370 1060 412 1105 ex
441 1041 515 1107 looo
534 1040 690 1106 Varronis
717 1040 813 1106 facile
835 1040 984 1106 concludi
1004 1047 1114 1126 potest
1135 1043 1204 1108 eins

81 1156 192 1232 astate
216 1153 251 1216 in
280 1172 426 1217 sermone
456 1152 634 1218 cottidiano
661 1165 754 1217 usum
779 1152 967 1237 superlativi
997 1155 1205 1219 ‘novissimus'

80 1263 146 1327 iam
167 1264 307 1346 viguisse
325 1283 463 1347 eumque
492 1265 534 1329 ab
556 1264 612 1344 lis,
644 1264 714 1348 qui‘
731 1264 910 1330 urbanitati
931 1265 1140 1345 studuerunt,
1169 1271 1207 1330 ut

79 1374 259 1458 impolitum
281 1389 352 1441 esse
374 1375 586 1460 repudiatum.
631 1375 739 1440 Nihilo
766 1376 871 1441 minus
895 1377 998 1442 Varro
1025 1378 1095 1461 ipse
1117 1377 1146 1442 d.
1168 1378 1208 1443 Β.

81 1485 118 1551 R.
140 1487 165 1567 Ι,
188 1493 217 1568 2,
242 1493 277 1552 ll
303 1488 403 1573 [quod
424 1488 510 1579 ludis
530 1487 728 1554 circensibus
750 1489 914 1554 novissimi
938 1488 1091 1553 curriculi
1110 1489 1207 1554 finem

81 1597 157 1664 lecit
183 1598 364 1685 quadrigis]
394 1600 627 1685 superlativum
655 1600 865 1665 ‘novissimus'
884 1630 936 1654 ⁴=
965 1600 1080 1666 letzter
1109 1607 1210 1685 atquc

81 1710 206 1777 duobus
225 1712 305 1778 locis
326 1712 516 1778 adverbium
537 1711 727 1777 ‘novissime’
747 1742 791 1767 =
811 1710 930 1777 auletnt
950 1712 1041 1796 (ibid.
1062 1713 1082 1778 I'
1100 1716 1150 1791 31,
1171 1714 1208 1778 43

80 1816 182 1909 tol)
204 1824 344 1890 exhibet.
387 1825 416 1889 A
445 1823 552 1890 verbis
573 1840 673 1908 supra
701 1823 809 1889 allatis
839 1823 994 1889 Varronis
1022 1824 1070 1911 [L.
1099 1824 1133 1889 L.
1164 1822 1208 1891 v1

81 1936 177 2021 §59]
203 1955 267 2001 non
296 1935 461 2020 discrepat
482 1935 650 2002 annotatio
671 1935 768 2001 Gellii
798 1935 836 2000 N.
857 1936 923 2001 Att
947 1935 977 2000 X
1002 1939 1052 2016 21,
1077 1942 1091 2002 l
1117 1942 1150 2002 et
1170 1940 1209 2002 2:

81 2046 163 2111 ‘Non
184 2047 297 2131 paucis
319 2047 442 2127 verbis,
474 2067 612 2131 quorum
630 2046 783 2131 frequens
805 2067 882 2113 usus
905 2052 955 2113 est
975 2066 1062 2112 nuno
1083 2052 1116 2114 et
1137 2047 1208 2129 fuit,

80 2156 124 2223 M.
144 2158 329 2224 Ciceronem
350 2159 491 2225 noluisse
511 2159 560 2224 nti
578 2158 856 2239 manifestum-est,
879 2159 967 2243 quod
989 2180 1028 2225 ea
1048 2179 1112 2225 non
1132 2180 1207 2244 pro·

80 2269 191 2336 buret:
213 2270 301 2337 volut
323 2276 373 2337 est
394 2276 428 2338 et
448 2270 658 2337 ‘novissimus'
681 2276 714 2336 et
735 2271 934 2337 ‘novissime'.
977 2271 1059 2336 Nam
1079 2293 1152 2337 cum
1174 2277 1208 2337 ct

82 2381 124 2447 M.
144 2383 225 2448 Cato
246 2388 282 2449 et
302 2382 475 2449 Sallustium
503 2387 536 2448 et
565 2382 622 2448 olii
644 2400 773 2468 quoqne
805 2383 922 2448 aetatis
944 2383 1088 2449 eiusdem
1108 2383 1208 2449 verbo

80 2494 144 2588 isto
165 2494 347 2579 promiscue
366 2495 480 2560 umtati
501 2495 583 2576 sint,
610 2494 704 2562 multi
733 2495 831 2560 eham
863 2514 928 2560 non
953 2494 1075 2561 indocti
1093 2494 1154 2561 viri
1173 2495 1208 2560 in

80 2605 174 2672 libris
194 2605 228 2673 id
249 2607 317 2672 suis
333 2606 533 2691 scripserint,
554 2606 752 2673 abstinuisse
772 2627 811 2673 eo
832 2611 941 2672 tamen
956 2614 1123 2692 nmquam
1144 2626 1208 2672 non

81 2719 198 2785 Latino
225 2718 368 2799 vidam,
395 2719 549 2802 qnoniam
578 2717 634 2804 qui
665 2717 870 2785 doctissimus
897 2736 1009 2786 eorum
1027 2722 1208 2804 temporum

81 2828 199 2911 iuerat,
220 2831 254 2896 L.
277 2829 386 2896 helius
406 2826 504 2912 Stilo,
525 2834 563 2898 ut
585 2849 667 2896 nevo
690 2835 723 2896 et
741 2830 893 2929 improbo
913 2831 1028 2912 verbo,
1058 2832 1106 2897 uti
1128 2832 1208 2897 vita

81 2942 198 3024 verat’3
229 2943 286 3007 cfr.
315 2943 414 3008 stiam
445 2942 512 3008 Ost.
540 2941 633 3026 frgm.
662 2941 787 3008 Jordan
816 2948 867 3024 89,
896 2948 946 3011 24.
989 2943 1103 3027 Neque
1123 2944 1208 3008 enim

83 3055 188 3121 Varro
217 3053 298 3119 dicit
324 3034 394 3122 tum
424 3053 656 3139 superlativum
678 3055 887 3121 ‘novissimus’
919 3055 1048 3120 omuino
1068 3055 1208 3140 primum

82 3166 271 3247 exhibitum,
293 3165 440 3233 sedtum
461 3167 600 3249 primum
623 3165 744 3251 vulgo
767 3167 801 3231 in
819 3187 914 3232 usum
935 3171 1104 3252 receptam
1119 3186 1209 3250 esss;

36 3346 40 3352 ,
83 3283 161 3363 ergo
182 3296 246 3344 uon
266 3282 404 3361 negatur
423 3277 632 3344 ‘novissimus'
660 3277 799 3344 formam
828 3283 925 3344 antea
944 3279 1017 3350 ,iam
1039 3279 1127 3363 apud
1148 3279 1208 3344 Os·

81 3396 202 3457 touem
214 3389 384 3456 sxshtissa
429 3389 523 3470 Quod
545 3389 585 3456 de
599 3389 762 3455 Ciceronis
782 3409 845 3455 usn
859 3389 983 3456 Gellius
997 3389 1098 3470 addit,
1119 3396 1209 3456 recte

82 3522 119 3568 se
139 3503 255 3584 habet3
280 3521 356 3567 nam
376 3521 442 3567 uno
463 3501 535 3566 loco
557 3501 626 3567 solo
648 3501 760 3567 Cicero
780 3501 872 3567 illum
893 3501 1124 3587 superlativum
1141 3507 1209 3567 tra·

82 3613 148 3680 dit:
169 3632 218 3699 pr.
241 3615 334 3679 Rosc.
357 3613 443 3679 Gom.
469 3618 517 3694 ll,
540 3617 581 3679 30
604 3613 724 3696 ‘itaque
743 3613 894 3697 perbrevi
914 3617 1069 3698 tempore,
1092 3614 1147 3696 qui
1168 3632 1210 3679 ns

81 3727 117 3791 iu
138 3724 319 3792 novissimis
342 3725 471 3807 quidem
501 3729 581 3790 erat*
600 3723 826 3805 histrionibus,
857 3723 900 3790 ad
920 3725 1042 3810 primos
1063 3704 1214 3810 pervenit*

83 3837 281 3918 comoedos‘3
303 3857 366 3920 quo
387 3837 459 3902 loco
477 3835 657 3902 novissimis
671 3835 881 3902 histrionibus
898 3837 1024 3921 primos
1041 3857 1081 3902 ex
1097 3837 1209 3902 ordine

82 3949 219 4034 opponit
246 3946 434 4034 [Landgrat
464 3947 523 4013 ‘De
545 3947 611 4014 Gis.
634 3947 762 4032 eloc'1)
789 3969 820 4032 p.
840 3949 905 4034 48].
948 3949 1126 4016 Praeterea
1143 3955 1208 4015 ‘no-

188 4207 216 4275 1)
232 4203 388 4276 Landgraf,
416 4204 468 4260 ‘De
494 4203 641 4260 (liceronis‘
663 4205 820 4260 elocutione
845 4205 874 4259 in
900 4202 1070 4262 orationibus
1101 4217 1152 4287 pro
1176 4202 1207 4260 P.
1274 4271 1277 4274 ¹

81 4294 216 4364 Quinctio
235 4297 264 4347 et
280 4310 332 4362 pro
349 4291 453 4347 Roscio
471 4291 605 4347 Amerino
624 4292 791 4362 conspicua’,
810 4290 969 4362 Wiirzbnrg
983 4295 1055 4346 1878.
1119 4310 1126 4379 {
1199 4294 1232 4352 :3'
