2864 4800
612 430 824 491 ..37-

157 598 265 658 exstat
285 596 410 663 duobus
438 597 519 663 locis
542 598 685 663 auctoris
705 598 748 662 ad
777 597 867 662 Her:
897 597 929 663 11
952 602 1002 676 30,
1023 603 1063 662 47
1091 598 1278 665 ‘orationem

156 705 243 785 red),
264 708 307 773 IV
330 715 382 790 28,
404 715 444 776 38
467 708 609 775 ‘verbum
630 709 707 774 red?
730 713 847 774 etune
868 707 941 803 loco
962 708 1141 775 Ciceronisr
1162 709 1192 775 d.
1216 710 1278 774 inv.

155 819 174 903 l,
194 823 243 899 52,
265 826 306 887 99
328 820 492 887 ‘memoria
513 821 671 887 auditoris
689 819 993 904 redintegrabitur'3
1011 819 1064 886 his
1083 819 1162 887 loeis
1181 820 1277 905 signi-

155 930 233 997 ficat
254 931 362 998 ‘verba
389 933 439 998 vel
468 933 644 999 sententies
671 932 809 998 iterare'.
829 959 830 962 ¹
852 931 965 997 Paullo
993 931 1158 1016 postiam
1190 931 1277 1017 apud

156 1042 326 1109 Gaesarem
348 1044 386 1114 in,
404 1045 641 1111 commentariis
662 1043 703 1110 de
730 1043 816 1110 bello
838 1043 962 1109 Gallico
984 1041 1151 1128 ‘proelium
1171 1043 1277 1110 redin-
1370 1122 1375 1133 ⁸

155 1155 294 1239 tegrare’
323 1154 458 1239 legitur:
490 1161 599 1238 1‚25;
629 1161 658 1236 2,
683 1160 739 1236 233
767 1160 824 1237 2⁷3
848 1154 973 1239 pariter
1000 1153 1120 1221 Brutus
1148 1153 1276 1221 ‘bellum

155 1266 388 1350 redintegrare
408 1267 603 1333 locutionem
623 1267 780 1333 formavit.
824 1266 895 1332 Hoc
923 1265 991 1332 tere
1011 1271 1157 1352 teurpore
1178 1267 1277 1351 igitur

154 1379 313 1444 transitus
341 1378 582 1462 significationis
610 1379 762 1464 propriae
782 1410 826 1433 =
846 1377 1047 1463 ‘erquielren'⁴
1064 1379 1098 1443 iu
1128 1400 1277 1463 progres-

155 1491 244 1556 eioue
265 1490 420 1556 sermonis
440 1490 607 1557 cottidiani
635 1491 678 1558 ad
700 1491 901 1557 translatam¹
917 1491 1078 1556 notionem
1099 1492 1276 1572 ‘erneuern'

155 1624 227 1669 esee
252 1601 387 1668 effectus
414 1601 559 1683 videtur,
592 1602 677 1670 unde
705 1603 825 1669 Caesar
854 1607 887 1667 et
913 1600 1034 1669 Brutus
1062 1602 1152 1667 illum
1181 1624 1275 1668 usum
1357 1639 1359 1642 >

154 1715 340 1793 hauserunt,
361 1734 457 1797 quem
471 1713 582 1780 Cicero
603 1720 640 1780 ut
659 1714 838 1781 urbanitati
858 1734 923 1780 uon
943 1714 1094 1780 idoneum
1115 1714 1273 1799 repudiet

153 1826 262 1892 livius
283 1830 398 1910 postea
418 1825 504 1891 hunc
526 1825 654 1892 dicendi
674 1845 796 1891 morem
817 1825 957 1891 adamat.

256 1958 514 2004 succurrere:
545 1936 591 2002 XI
621 1943 648 2018 1,
674 1943 694 2003 4
725 1942 902 2004 ‘succurret
932 1937 1070 2003 fortasse
1102 1937 1163 2004 hoo
1201 1938 1273 2004 loco

154 2049 252 2116 alicui
273 2049 433 2130 vestrum‘‚
461 2047 532 2115 hier
555 2049 674 2116 kinute
702 2049 863 2115 vielleicht
883 2048 957 2114 dem
988 2049 1081 2117 einen
1110 2049 1189 2116 oder
1217 2073 1273 2116 an-

153 2161 234 2228 dern
254 2180 319 2227 ron·
337 2161 428 2226 Euch
450 2160 608 2226 einfalleu.
652 2161 766 2243 Miror,
788 2160 875 2245 quod
896 2161 1041 2247 Draeger
1062 2161 1153 2228 ‘Hist
1175 2160 1273 2248 Synt'

152 2274 185 2339 ll
205 2295 236 2358 p.
259 2277 321 2339 422
350 2271 445 2338 dicit:
478 2272 615 2338 formem
643 2272 820 2338 ‘succurrit'
842 2304 886 2327 =
906 2274 1065 2340 ‘occurrit'
1094 2295 1159 2340 non
1186 2274 1274 2359 apud

152 2385 340 2451 Ciceronem
362 2384 477 2469 ipsum,
499 2383 557 2450 sed
577 2384 665 2469 apud
685 2383 787 2450 filium
807 2384 850 2451 ad
871 2383 945 2450 fem.
968 2384 1042 2450 XVI
1063 2390 1114 2466 21,
1137 2392 1156 2452 6
1184 2385 1273 2453 ‘illud

152 2497 250 2562 etiam
272 2496 351 2562 mihi
372 2495 598 2578 succurrebat,
628 2517 725 2580 greve
748 2518 819 2563 esse
837 2497 892 2562 ...’
914 2501 1056 2578 exstare,
1078 2517 1272 2580 quamquam
1351 2551 1352 2554 ¹

151 2612 283 2693 praeter
302 2608 389 2673 huno
417 2608 538 2688 locum,
567 2630 662 2692 quem
693 2629 752 2692 ego
781 2629 880 2693 supra
900 2608 1033 2693 protuli,
1067 2609 1164 2674 etiam
1186 2610 1273 2693 apud

152 2720 339 2786 Ciceronem
366 2719 473 2805 ipsum
502 2719 544 2785 ed
565 2721 631 2785 Att.
659 2719 734 2786 xlv
759 2725 828 2801 1,2
859 2725 905 2785 ut
934 2722 1017 2784 enim
1038 2720 1179 2804 quidque
1201 2742 1271 2786 suc·

152 2832 262 2912 currit,
281 2831 363 2898 libet
384 2831 536 2897 scribere'
557 2832 736 2897 ‘succurrit’
756 2832 819 2897 hec
840 2831 1072 2915 significatione
1087 2832 1271 2916 praeditum

151 2943 301 3009 traditur.
344 2944 417 3008 lure
439 2944 562 3010 scilicet
582 2945 726 3028 Dreeger
747 2943 779 3009 11
797 2966 828 3029 p.
848 2948 909 3009 353
930 2940 1129 3009 Ιιιιιισιιειιω
1150 2943 1272 3010 formae

151 3054 330 3122 ‘succurrit'
357 3054 592 3138 posterioribus
622 3055 740 3122 aetatis
770 3054 923 3121 classicae
951 3054 1150 3139 temporibus
1179 3055 1271 3121 attri-

152 3166 240 3249 buit;
261 3187 336 3232 nam
358 3172 391 3232 et
412 3166 500 3251 apud
522 3167 705 3234 Ciceronem
730 3167 876 3233 inlibris
899 3173 996 3252 atque
1019 3166 1217 3233 orationibus
1239 3173 1272 3234 et

153 3278 240 3364 apud
261 3262 387 3345 eeteros
399 3279 542 3364 ‚optimos
564 3281 738 3365 scriptores
760 3279 918 3346 ‘occurrit’
939 3279 1094 3345 usitatum
1117 3277 1181 3362 est3
1200 3301 1271 3347 suc·

151 3391 264 3456 currit'
290 3396 399 3457 autem
427 3389 533 3456 tribus
562 3391 642 3457 locis
671 3391 881 3476 epistularum
911 3390 987 3456 solis
1016 3396 1139 3471 exstat,
1169 3412 1271 3475 quare

151 3503 260 3568 neruo
294 3523 336 3568 an
364 3503 467 3568 conici
492 3503 596 3587 possit
623 3503 755 3570 verbum
783 3503 961 3570 ‘succurrit’
981 3534 1024 3558 =
1050 3504 1208 3569 ‘occurrit'
1231 3525 1271 3569 ex

149 3635 240 3681 more
263 3614 439 3680 cottidiano
461 3619 567 3680 ortum
589 3636 668 3681 esse.
690 3652 732 3666 -
754 3615 848 3681 Prius
877 3636 982 3680 sermo
1009 3614 1204 3681 cottidianus
1226 3621 1270 3681 ‘es

150 3726 224 3792 fallt
237 3726 298 3791 ein’
320 3725 418 3792 verbo
433 3725 558 3792 ‘dicere'
580 3728 755 3811 expressit;
775 3727 952 3793 cuiusmodi
975 3726 1104 3811 quidem
1118 3727 1270 3793 nonnulla

150 3839 299 3922 exempla
329 3837 416 3922 apud
444 3838 628 3905 Terentium
658 3839 736 3904 mibi
764 3844 842 3905 nota
871 3843 961 3904 sunt:
991 3838 1089 3903 Andr.
1109 3839 1153 3904 IV
1179 3845 1205 3918 1,
1231 3845 1268 3904 lc

150 3955 258 4033 ‘atque
280 3949 397 4034 aliquis
419 3949 529 4031 dicat'3
555 3950 732 4016 Phormell
755 3956 783 4031 2,
806 3956 847 4016 20
875 3950 987 4016 ‘dicesz
1010 3950 1128 4016 ducent
1148 3951 1205 4016 ...'
1226 3987 1270 4000 -

148 4061 228 4128 Inde
250 4060 292 4127 ab
311 4066 419 4127 aetate
440 4060 575 4126 Liviana
596 4061 774 4127 ‘succurrit’
794 4061 1038 4146 percrebresoit.

251 4173 291 4238 in
312 4194 419 4258 spem
441 4173 595 4238 venire:
619 4173 663 4238 XI
687 4179 757 4254 lae,
779 4180 800 4239 4
821 4175 867 4239 ‘In
889 4195 977 4258 spem
1000 4179 1161 4254 venerant,
1183 4172 1270 4257 quod

148 4285 209 4352 ...³
231 4323 273 4333 ·-
295 4284 430 4352 Locutio
460 4285 501 4350 ‘in
530 4273 620 4370 spem
648 4283 765 4353 renue'
787 4290 852 4366 eet,
880 4291 918 4352 ut
945 4277 1111 4352 Hellmuth
1131 4283 1271 4353 ‘Balbus’
