2864 4800
691 421 906 480 ..44-

336 581 718 652 extenuatissimus:
747 584 793 650 XI
818 591 888 666 13a,
911 592 930 651 2
953 586 1136 673 ‘[oopiolae]
1168 591 1243 652 sunt
1270 591 1362 651 exte-

236 698 446 764 nuatissimae
467 703 501 764 et
521 698 632 782 inopia
664 697 805 774 omnium
827 719 936 763 rerum
959 698 1097 781 pessime
1116 697 1291 782 vaeoeptae’,
1314 698 1363 764 sis

234 809 306 876 siud
328 812 472 876 iiusserst
501 809 908 893 zusammengesehmolzen
935 809 1009 875 und·
1030 808 1133 874 duroh
1160 809 1289 893 blangel
1319 830 1362 874 an

233 921 337 987 Allem
358 941 438 1005 gana
460 920 536 987 iibel
565 920 772 1006 augeriohtet
820 921 918 987 Cuius
947 920 1136 1005 superlativi
1163 941 1362 1005 quamquam

233 1032 296 1099 boo
317 1033 499 1117 exemplum
518 1053 618 1100 uuum
631 1032 793 1117 reperitur
814 1070 857 1082 -
877 1032 1172 1100 ‘attenuatiseimus'
1195 1033 1294 1119 [auat
1318 1032 1363 1098 ad

232 1145 309 1210 Her.
327 1143 373 1211 IV
394 1149 449 1224 41,
468 1145 524 1230 53]
551 1165 680 1228 queque
703 1150 753 1210 est
780 1143 879 1210 semel
898 1143 1021 1210 dietum
1044 1182 1094 1225 -‚
1115 1150 1224 1212 nmen
1245 1144 1359 1210 verisi-

232 1256 308 1322 mile
330 1261 476 1324 osteum
496 1257 530 1321 iu
558 1277 620 1323 usu
649 1255 776 1322 dioeudi
799 1254 977 1329 cottidiano
1008 1255 1126 1337 furiose,
1153 1277 1224 1322 oum
1247 1256 1362 1323 Oieoro

232 1370 302 1453 ipse
324 1368 358 1433 iu
375 1367 469 1436 libris
488 1373 528 1434 et
543 1368 577 1433 in
592 1367 739 1452 epistulis
752 1389 902 1452 maguam
913 1367 1040 1452 copiam
1053 1367 1325 1452 superlativorum
1336 1370 1362 1452 ¹)

235 1501 308 1546 eum
336 1479 501 1565 participii
533 1479 672 1564 perfecti
707 1479 828 1563 passivi
860 1483 931 1545 tum
965 1479 1201 1563 eoniugationis
1235 1479 1362 1563 primae

235 1591 365 1658 habeat
408 1590 530 1671 Quodsi
558 1590 611 1657 bio
639 1612 717 1657 usus
747 1590 834 1674 apud
855 1590 1042 1658 Ciceronem
1063 1591 1143 1657 safis
1165 1590 1278 1657 ereber
1301 1596 1362 1672 est,

236 1723 416 1769 sermonem
436 1701 651 1768 eottidianum
679 1702 778 1768 etiam
798 1702 955 1769 maiorem
976 1701 1224 1769 redundantiam
1244 1702 1362 1770 talium

236 1815 506 1899 superlativorum
526 1812 717 1899 praebuisse
738 1815 847 1881 neseio
868 1834 910 1880 au
932 1814 996 1881 diei
1020 1814 1134 1899 possit
1174 1815 1281 1881 Etiam
1302 1836 1362 1900 po-

236 1927 349 1992 sitivus
381 1927 593 1993 ‘extenuatus'
621 1926 710 2012 apud
738 1927 912 2011 scriptores
940 1927 1059 1995 aetads
1087 1928 1246 2012 optimae,
1275 1948 1363 2012 quae

235 2038 434 2119 nominatur,
463 2037 590 2104 duobus
612 2037 692 2104 loeis
714 2038 792 2105 solis
817 2038 952 2122 legitur:
978 2038 1042 2106 Gie.
1064 2039 1181 2111 unat
1202 2038 1235 2105 d
1254 2039 1288 2105 11
1310 2045 1363 2120 3⁹3

238 2155 296 2216 101
320 2156 387 2216 ‘aer
408 2154 600 2217 extenuatus
621 2149 757 2219 sublime
779 2149 918 2234 fertur’‚;
940 2156 1025 2218 auot.
1044 2151 1076 2218 b.
1090 2151 1159 2218 Air.
1177 2157 1218 2218 59
1239 2149 1363 2217 ‘Numi-

235 2260 294 2327 das
315 2261 349 2326 iu
370 2260 566 2329 subsidiaria
587 2263 658 2330 aeis
677 2263 727 2328 ita
740 2263 957 2345 extenuatos'3
978 2263 1186 2329 tameuiuter
1200 2261 1362 2330 adieetiva

235 2372 334 2438 moris
359 2372 486 2440 dieendi
508 2373 677 2441 eottidiaui
698 2374 798 2440 frisso
826 2378 921 2459 puto;
948 2374 1007 2440 eir.
1029 2374 1168 2458 Rebung
1186 2374 1243 2440 bl
1263 2396 1296 2459 p.
1319 2380 1361 2443 25

234 2485 411 2571 [adieetiva
439 2486 473 2551 iu
502 2487 594 2553 ‘atus'
622 2491 698 2552 eunt
719 2487 876 2553 sermonis
897 2486 1066 2553 cottidiani
1082 2486 1240 2572 propria]
1282 2486 1364 2553 Forv

234 2601 323 2663 tasse
343 2597 405 2663 hoe
416 2596 610 2665 vocabulum
631 2618 671 2663 ex
685 2617 833 2665 sermone
845 2598 988 2679 militari,
1009 2619 1105 2683 quem
1118 2598 1205 2683 apud
1222 2597 1362 2665 Brutum

236 2718 269 2774 et
290 2709 377 2793 apud
399 2714 564 2776 auctorem
585 2709 663 2779 belli
685 2710 830 2778 Africani
852 2732 932 2796 prae
953 2732 989 2777 se
1010 2710 1085 2792 fert,
1105 2711 1140 2776 iu
1161 2732 1255 2776 usum
1274 2710 1363 2778 vitae

236 2820 433 2887 cottidianae
463 2821 599 2888 influxit
643 2822 780 2907 Saepius
809 2822 959 2906 ciceret)
986 2822 1147 2889 adieetivo
1165 2859 1209 2871 —
1228 2823 1362 2907 partioi⁶

235 2933 289 3015 pio
311 2934 517 2999 ‘attenuatus’
538 2934 654 3014 utitur,
682 2934 770 3019 quod
795 2935 829 3001 in
857 2935 970 3020 primis
992 2940 1110 3000 auoter
1138 2933 1181 3000 ad
1201 2933 1362 3000 Herenni-

235 3042 326 3129 um³)
355 3044 390 3109 in
419 3044 543 3112 delioiis
571 3045 679 3112 habet
731 3045 875 3130 Uterque
904 3046 1078 3131 praecipue
1108 3045 1151 3112 ad
1180 3047 1362 3112 orationem

235 3155 378 3221 adhibet.
402 3193 440 3205 —
463 3157 585 3224 Eodem
607 3179 647 3224 ex
668 3156 773 3239 fonte,
802 3178 867 3243 quo
894 3158 1204 3240 ‘extenuatissimus‘,
1233 3157 1363 3227 videtur

235 3265 413 3334 effluxisse:

337 3381 700 3464 persuasissimus:
722 3382 769 3448 XI
790 3389 819 3463 9,
842 3387 860 3448 2
884 3380 951 3448 ‘sed
972 3381 1061 3465 quod
1081 3381 1160 3447 mihi
1180 3383 1363 3467 persuasis·

275 3572 278 3580 Δ
339 3605 365 3672 1)
381 3604 440 3661 ou.
456 3605 493 3661 ed
512 3582 694 3677 superlativus
711 3572 783 3676 port
792 3605 995 3691 peripasapl.
1012 3605 1100 3661 libros
1115 3605 1184 3683 hos:
1199 3603 1364 3676 Drasgerl

235 3708 262 3759 p.
281 3691 397 3758 29-343
421 3689 591 3746 KuebuerI
614 3698 641 3762 p.
659 3693 710 3746 882
727 3695 788 3745 svin.
805 3693 838 3759 43
864 3690 969 3761 Lupus,
994 3690 1178 3762 Sprsehgebr.
1204 3691 1230 3745 d.
1250 3691 1363 3748 Oornel.

235 3773 315 3845 Nep,
333 3775 407 3830 Berl.
435 3780 502 3832 1874
519 3795 546 3846 p.
564 3780 615 3846 983
638 3776 830 3848 Naegelsbaeh
847 3795 874 3847 p.
894 3780 942 3832 191
953 3795 990 3848 s.;
1016 3775 1095 3833 Neue
1112 3776 1313 3833 Iino-128.
1330 3809 1365 3818 —

234 3859 383 3917 Praeterea
401 3861 449 3917 eir.
467 3862 620 3932 Eberhard,
644 3862 696 3918 ‘De
713 3862 834 3918 Vitruvii
857 3880 960 3933 genere
987 3863 1114 3932 dicendi,
1138 3863 1218 3934 Prgr.
1236 3862 1365 3920 Durlseb

236 3949 303 4001 1887
319 3967 347 4017 p.
365 3950 396 4018 33
422 3966 486 4018 app.
510 3949 546 4003 ad
562 3950 642 4019 prim.
660 3967 719 4019 par.
738 3951 805 4003 1888
820 3968 848 4019 p.
869 3951 892 4018 1,
916 3950 1016 4019 quibus
1033 3950 1102 4005 loeis
1120 3949 1282 4019 superlativi
1301 3969 1364 4021 par·

234 4033 406 4104 tioipiorum,
434 4034 482 4104 qui
517 4035 591 4106 apud
617 4035 779 4091 Oieeronem
806 4039 835 4091 et
860 4035 934 4106 apud
960 4034 1119 4091 Vitruvium
1144 4039 1270 4104 entant,
1296 4053 1364 4092 enu-

233 4123 383 4176 merantur.
849 4164 852 4169 .

337 4206 365 4275 2)
384 4204 470 4261 Velut
486 4224 528 4277 pr.
546 4207 599 4277 leg.
617 4206 713 4261 Manil.
732 4209 837 4276 11‚30;
855 4207 933 4262 Brut
950 4206 992 4276 bb,
1012 4209 1078 4276 2013
1096 4208 1138 4276 88,
1155 4207 1214 4262 888.

337 4293 364 4362 8)
381 4291 469 4349 Velut
487 4295 511 4362 8,
531 4295 580 4363 145
595 4296 621 4364 4,
638 4296 671 4364 83
690 4296 739 4364 105
756 4297 798 4350 41.
