2864 4800
678 413 804 474 ..22
848 446 889 458 „A

215 603 254 648 eo
276 586 432 666 apparet,
463 581 550 671 quod
580 587 712 664 praeter
741 586 866 647 ceteros
887 581 1092 647 inveniuntur
1113 581 1192 660 loci,
1226 579 1347 663 quibus

215 693 372 760 eiusmodi
393 681 518 759 formes
546 698 693 774 exstant,
724 692 1061 760 velut‘assuefactus'
1092 692 1183 758 Brut.
1207 698 1257 772 59,
1281 697 1346 757 213

215 806 388 893 [suspicor
409 805 556 872 Curionis
647 806 751 890 patris
778 805 878 872 fuisse
906 806 1056 871 instituto
1085 825 1167 889 puro
1198 825 1348 870 sermone

218 917 435 986 assuefactam
464 918 636 1004 domum’];
666 916 869 999 ,timefactus'
897 917 938 983 de
960 916 1013 983 off.
1035 918 1066 982 Π
1086 923 1114 998 7,
1137 921 1178 982 24
1207 917 1347 999 I‘quam·

216 1031 265 1096 ris
287 1030 372 1096 enim
393 1030 459 1096 sint
481 1030 648 1097 demersae
669 1029 758 1114 leges
780 1030 916 1096 alicuius
938 1029 1064 1114 opibus,
1084 1028 1230 1113 quamvis
1250 1028 1346 1093 time·

217 1143 306 1209 lacta
326 1141 471 1209 libertas’
494 1143 575 1228 ...],
597 1145 662 1227 quo
682 1143 754 1208 loco
776 1143 888 1208 Cicero
908 1141 1042 1208 verbum
1064 1141 1172 1225 magni
1192 1139 1349 1225 ponderis

216 1255 326 1322 nescio
346 1275 389 1321 an
410 1255 614 1338 quaesiverit
658 1254 874 1320 ‘Timefactus’
900 1253 1036 1339 perinde
1064 1258 1163 1337 atque
1184 1253 1349 1338 ‘pertime-

217 1366 332 1435 Iactus'
355 1389 395 1432 ex
416 1388 563 1433 sermone
586 1366 763 1433 cottidiano
786 1366 927 1448 elfluxit;
949 1366 1038 1432 illum
1059 1365 1197 1431 formam
1214 1370 1350 1450 praeter

217 1481 404 1546 Ciceronem
433 1479 565 1545 exhibet
593 1479 763 1545 Lueretius
792 1499 857 1544 uno
882 1478 954 1544 loco
984 1484 1013 1557 2,
1041 1484 1098 1559 443
1128 1476 1184 1542 cfr.
1208 1475 1349 1556 Deecke,

218 1591 358 1658 ‘Facere'
379 1591 446 1657 und
468 1591 557 1657 ‘fieri'
579 1592 613 1657 in
634 1590 723 1657 ihrer
738 1591 956 1675 Composition
980 1591 1039 1656 mit
1060 1589 1184 1655 andern
1200 1588 1349 1668 ‘Verbis',

219 1705 309 1789 Prgr.
333 1702 408 1789 Lyc.
428 1702 590 1787 Strassbg.
616 1708 697 1770 1873
719 1725 750 1788 p.
777 1709 823 1769 17.

759 1980 814 2046 111.

323 2151 371 2216 De
401 2151 568 2216 vocabulis
596 2151 895 2236 locutionibusque,
926 2174 1009 2236 quae
1039 2152 1126 2235 apud
1157 2151 1294 2216 Brutum
1316 2157 1353 2217 et

220 2264 308 2349 apud
331 2263 506 2347 scriptores
527 2264 691 2347 aequales,
712 2285 778 2330 non
799 2264 886 2349 apud
908 2266 1096 2337 Ciceronem
1118 2269 1256 2329 exstent,

323 2375 531 2442 decursio:
552 2375 599 2441 XI
624 2382 672 2456 10,
685 2382 715 2442 ’4
738 2382 785 2442 ‘ut
876 2383 935 2443 aut
956 2377 1124 2462 Apennino
1147 2375 1351 2460 Alpibusque

220 2511 256 2555 se
278 2493 389 2554 teneat
399 2488 426 2573 1)
446 2493 480 2554 et
494 2488 740 2554 decursionibus
761 2510 821 2574 per
843 2491 977 2574 equites,
998 2511 1079 2574 quos
1098 2489 1200 2555 habet
1221 2489 1353 2568 multos,

221 2606 328 2667 vastet
351 2621 391 2666 ea
416 2600 508 2680 loca',
538 2600 617 2666 oder
646 2601 716 2666 sich
741 2603 775 2667 in
803 2602 865 2668 den
887 2602 1077 2687 Apenninen
1096 2600 1163 2667 und
1185 2601 1289 2685 Alpen
1311 2623 1354 2666 zu

220 2713 332 2779 halten
360 2711 426 2777 und
454 2703 516 2777 son
546 2712 589 2778 ds
626 2712 729 2779 durch
758 2713 1015 2780 Herabstiirmen
1050 2713 1218 2799 [Binfalle]
1245 2713 1354 2779 seiner

220 2823 426 2891 zahlreichen
448 2825 590 2890 ReIterei
613 2825 702 2891 diese
724 2825 857 2910 (legend
880 2849 919 2892 zu
933 2832 1121 2893 verulisten.
1165 2826 1354 2905 ‘Decursio',

222 2937 310 3022 quod
340 2957 457 3002 nomen
484 2937 572 3022 apud
600 2937 787 3004 Ciceronem
815 2960 974 3023 nusquam
1003 2939 1199 3018 invenimus,
1231 2943 1265 3003 et
1289 2937 1354 3003 hoc

223 3051 295 3116 loco
315 3049 410 3115 Bruti
432 3055 466 3115 et
488 3050 575 3135 apud
594 3052 631 3116 A.
653 3050 797 3116 Hirtium
819 3051 849 3116 d.
870 3051 901 3117 b.
925 3050 962 3116 G.
977 3051 1052 3117 VIII
1074 3056 1125 3132 24,
1148 3056 1166 3116 3
1187 3052 1243 3137 [ne
1265 3050 1354 3134 quod

222 3161 325 3228 simile
365 3161 602 3227 incommodum
639 3162 804 3229 accideret
835 3163 1024 3229 decursione
1053 3162 1282 3248 barbarorum]
1319 3167 1356 3227 et

222 3274 311 3358 apud
334 3278 500 3340 auctorem
523 3274 553 3340 b.
577 3273 666 3340 Alex.
690 3281 731 3340 42
756 3275 928 3361 [‘Namque
957 3280 990 3340 et
1020 3274 1154 3340 castelle
1176 3275 1355 3359 complura,

221 3385 302 3451 locis
324 3385 420 3451 editis
441 3387 565 3471 posita,
595 3407 732 3470 quorum
762 3387 989 3471 opportunitas
1016 3386 1210 3452 castellanos
1240 3387 1355 3470 impel-

220 3497 313 3563 lebat
333 3496 376 3562 ad
398 3497 605 3565 decursiones
626 3498 806 3584 faciendas]
829 3504 952 3564 motum
973 3498 1145 3564 militarem
1164 3492 1211 3552 '=
1232 3499 1356 3564 Binfall

223 3631 285 3675 von
307 3609 366 3675 der
387 3609 481 3676 the
502 3610 536 3675 in
558 3610 610 3676 die
631 3611 742 3676 Ebene
764 3610 926 3694 significat
946 3632 1050 3694 eoque
1065 3611 1203 3676 termino
1221 3609 1357 3676 militari

223 3721 350 3786 Hirtius
369 3723 493 3805 primus
515 3723 633 3802 utitur,
662 3745 736 3789 cum
765 3723 847 3788 haec
869 3723 1009 3808 epistula
1031 3722 1172 3804 decima,
1201 3742 1268 3807 qua
1289 3722 1356 3788 ‘de-

223 3833 339 3898 cursio'
363 3834 450 3916 apud
470 3834 607 3901 Brutum
629 3835 808 3916 exhibetur,
830 3841 906 3919 post
924 3835 1066 3901 Hirtium
1088 3835 1176 3921 apud
1195 3834 1357 3900 Mutinam

327 4042 353 4110 1)
371 4042 409 4095 ‘se
427 4041 531 4096 tenere’
555 4046 598 4096 est
621 4043 816 4098 usitatissimus
840 4043 974 4098 terminus
996 4042 1138 4111 militaris3
1163 4043 1211 4097 cir.
1231 4043 1309 4098 Caes.
1328 4043 1356 4098 d.

223 4129 251 4184 b.
269 4126 302 4181 G.
324 4130 346 4195 l,
364 4130 414 4195 403
431 4131 480 4196 493
498 4131 522 4196 3,
542 4132 588 4195 17,-
606 4131 655 4198 243
673 4131 697 4199 b,
716 4131 764 4198 57;
782 4133 806 4197 8,
826 4133 872 4199 113
897 4129 923 4183 d.
941 4131 968 4184 b.
988 4147 1011 4184 c.
1035 4132 1057 4197 l,
1076 4131 1125 4198 69,
1150 4133 1174 4197 3,
1193 4133 1241 4197 30;
1258 4133 1283 4196 3,
1305 4131 1355 4198 94;

225 4217 289 4282 1093
305 4218 378 4268 auct.
396 4215 423 4268 b.
444 4213 526 4268 Alex.
545 4216 587 4268 63.
