2864 4800
548 399 763 476 -ita

60 627 62 632 -
90 603 151 650 usu
172 582 366 649 comicorum
388 584 422 648 in
443 583 614 648 iuridicum
640 605 807 667 sermonen
828 582 993 649 influxisse
1015 580 1125 667 ibique
1147 588 1223 649 esse
1310 671 1318 683 ·

91 701 254 762 servatum
276 695 419 776 videtur,
444 716 518 759 nam
540 695 675 780 legimus
692 696 873 762 adhibitum
894 696 937 760 ad
951 695 1129 761 locutiones
1153 695 1218 761 for-

90 809 242 888 mandas,
272 828 355 891 quae
377 807 420 872 ad
442 806 671 891 obligationem
693 829 753 892 per
770 807 1002 887 iusiurandum,
1024 807 1218 888 1161666166-

91 921 160 1000 dus,
183 920 371 1003 religionem
391 919 563 1003 pertinent,
594 919 681 985 velut
702 920 783 984 Phil.
805 919 835 983 II
858 924 908 999 33,
931 914 987 1002 833
1017 919 1064 984 XI
1087 911 1218 1001 12,'29;

91 1032 120 1096 d.
143 1053 189 1096 or.
213 1032 316 1111 1166,
339 1036 419 1112 268;
442 1052 492 1114 66.
517 1032 606 1096 Caes.
624 1030 652 1096 d.
677 1030 706 1096 b.
731 1030 769 1096 G.
793 1038 820 1110 l,
844 1036 894 1096 31.
938 1032 1025 1111 Quas
1040 1031 1218 1097 locutiones

89 1143 212 1210 Brutus
232 1143 295 1207 hoc
316 1144 403 1222 loco,
434 1163 529 1226 quem
557 1164 656 1226 supra
685 1141 767 1222 dixi,
805 1144 866 1208 etsi
896 1164 1046 1227 perverse
1073 1144 1218 1209 imitatus

89 1255 225 1321 videtur.

192 1366 441 1432 subsistere:
473 1366 520 1431 XI
544 1372 593 1446 10,
624 1373 642 1433 5
676 1374 765 1446 ‘n0u,
798 1367 825 1432 si
848 1367 1002 1433 Varronis
1025 1366 1217 1433 thensauros

89 1478 261 1558 haberem,
285 1478 461 1544 subsistere
483 1479 626 1562 sumptui
655 1478 801 1562 possem',
829 1479 934 1559 nicht,
962 1499 1053 1543 wenn
1082 1479 1135 1543 ich
1166 1479 1217 1544 die

90 1591 226 1656 Sch'atze
250 1591 370 1673 Varros
392 1591 499 1670 batte,
528 1594 614 1655 wilre
643 1591 695 1655 ich
722 1591 766 1656 im
798 1590 936 1671 Stande,
966 1591 1027 1656 den
1061 1590 1218 1656 Aufwand

89 1702 309 1768 ansauhalten.

193 1814 336 1879 Eandem
363 1814 555 1879 sententiam
593 1813 731 1897 praebet
764 1814 897 1879 verbum
929 1814 1123 1880 ‘subsistere'
1153 1836 1217 1879 non

90 1926 154 2021 nisi
174 1931 290 2010 postea
312 1925 399 2010 apud
421 1925 532 1991 Claud.
552 1925 585 1989 in
607 1925 741 2010 Eutrop.
764 1931 793 2006 2,
817 1930 878 1991 368
902 1926 1011 1990 ‘tantis
1033 1925 1213 2010 periculis,

89 2037 178 2122 apud
200 2037 280 2104 Cels.
303 2037 366 2122 dig.
381 2037 459 2103 XXI
477 2044 506 2118 2,
529 2043 569 2103 62
590 2039 608 2123 §
626 2043 640 2101 1
667 2037 744 2103 ‘liti’.
790 2040 914 2118 Aetate,
937 2059 1021 2121 quae
1043 2044 1118 2103 ante
1133 2037 1215 2103 Bru·

87 2156 158 2216 tum
181 2150 251 2231 fuit,
273 2149 407 2216 verbum
429 2149 623 2216 ‘subsistere’
645 2150 733 2215 haud
755 2151 803 2216 ita
825 2150 939 2216 crebro
961 2154 1085 2230 exstat,
1114 2148 1214 2233 pluri-

88 2263 151 2328 mis
172 2262 334 2343 locorum,
358 2261 474 2345 quibus
495 2261 628 2345 legitur,
661 2268 710 2327 est
731 2264 886 2328 terminus
908 2261 1057 2328 militaris
1076 2293 1119 2314 =
1139 2260 1218 2325 Halt

88 2374 240 2454 macheu,
276 2395 317 2440 ex
347 2394 412 2457 qua
441 2372 674 2457 significatione
703 2375 751 2440 vis
780 2374 908 2459 gravior
929 2405 972 2427 =
994 2372 1216 2454 Standhalten,

88 2486 260 2552 anshalten
282 2485 424 2566 effluxit,
453 2485 538 2550 hanc
557 2485 693 2567 legimus
721 2486 786 2551 iam
807 2486 894 2571 apud
914 2474 1066 2552 'Plautum
1086 2484 1179 2568 Epid.
1200 2485 1216 2549 Ι

91 2605 119 2677 1,
144 2604 184 2664 78
218 2605 292 2664 ‘non
318 2603 411 2683 potes
440 2596 632 2663 subsistere:
668 2598 779 2681 itaque
811 2599 844 2663 in
873 2603 906 2663 te
935 2598 1063 2663 irruunt
1091 2603 1216 2662 montes

88 2710 193 2792 mali’3
225 2709 340 2776 deinde
362 2710 449 2793 apud
469 2710 639 2775 Caesarem
655 2711 684 2776 d.
696 2709 727 2775 b.
740 2709 777 2792 G.
796 2716 879 2795 5,10
895 2716 1043 2775 ‘ancorae
1058 2709 1215 2792 funesque

88 2821 296 2904 subsistunt’;
327 2820 415 2907 apud
443 2821 628 2887 Ciceronem
658 2822 853 2888 ‘subsistere’
883 2843 1042 2906 nusquam
1066 2821 1216 2900 occurrit,

87 2934 153 3000 nisi
183 2934 267 3000 forte
298 2933 396 2999 editio
425 2934 543 2999 Aldina
572 2940 659 2999 recte
689 2935 820 3019 scripsit
848 2956 897 3020 pr.
927 2934 991 2999 Mil.
1018 2940 1066 3014 19,
1089 2939 1129 2999 49
1161 2933 1217 2997 ‘sic

88 3046 210 3127 Miloni,
234 3068 306 3111 oum
327 3042 498 3111 insidiator
520 3051 614 3126 esset,
637 3047 664 3111 si
685 3046 776 3111 illum
791 3051 889 3112 noctu
910 3047 953 3112 ad
976 3046 1089 3111 urbem
1109 3065 1216 3109 acces·

88 3179 200 3223 surum
222 3156 355 3239 sciebat,
387 3158 646 3224 subsistendum'.
689 3158 727 3223 In
754 3158 866 3242 primis
893 3159 992 3242 igitur
1020 3151 1217 3223 ‘subsistere'

71 3271 123 3335 >in
156 3259 388 3337 elocutionibus
426 3269 619 3337 militaribus
648 3270 774 3336 obviam
807 3270 860 3351 fit,
897 3292 998 3354 quare
1025 3268 1216 3335 concludere

86 3382 187 3448 liceat
214 3381 350 3448 Brutum
379 3381 441 3446 hoo
471 3382 570 3447 semel
597 3381 755 3447 traditum
783 3383 936 3467 ‘sumptui
964 3381 1147 3448 subsistere’
1178 3402 1217 3445 ex

87 3515 236 3560 sermone
258 3493 435 3560 cottidiano
456 3494 593 3559 militum
615 3493 751 3574 dixisse,
785 3495 904 3578 quippe
927 3496 982 3578 qui
1006 3498 1100 3572 amet,
1123 3514 1217 3558 voces

86 3606 244 3672 militares
263 3606 305 3672 ad
330 3607 416 3672 vitae
437 3607 585 3691 privatae
608 3628 661 3672 res
684 3607 815 3672 referre.

164 3732 166 3736 ‘
192 3718 462 3785 succlamare:
487 3719 533 3783 XI
557 3723 626 3800 l3a,
649 3725 668 3784 3
687 3719 929 3785 ‘succlamatum
951 3724 1001 3784 est
1023 3718 1052 3784 ei
1067 3717 1217 3802 frequen·

85 3837 141 3897 ter
161 3852 182 3897 a
203 3830 360 3897 militibus
382 3831 591 3897 Ventidianis’
621 3853 696 3897 man
719 3832 783 3897 rief
804 3832 870 3896 ihm
893 3824 1002 3913 hiiufig
1024 3852 1086 3895 von
1109 3831 1217 3895 Seiten

86 3943 147 4010 der
162 3944 446 4010 Ventidianischen
463 3942 619 4009 Soldaten
638 3966 686 4008 zu.
731 3943 828 4009 Cuius
843 3943 933 4008 verbi
952 3944 1089 4007 altorum
1113 3963 1217 4007 exem·

83 4055 177 4141 plum
200 4077 240 4121 ex
260 4061 368 4121 aetate
390 4076 494 4139 neque
522 4056 630 4139 priore
652 4077 756 4139 neque
783 4056 905 4140 optima
926 4054 1086 4136 traditur,
1110 4058 1218 4117 aetate

84 4169 187 4234 etiam
211 4172 375 4251 argentea,
399 4187 482 4250 quae
497 4167 690 4251 appellatur,
713 4169 879 4232 satisrarc
903 4167 1022 4249 legitur
1043 4167 1133 4252 [Liv.,
1149 4165 1217 4230 Val.

995 4280 1011 4330 2
