2864 4800
607 455 820 516 ..10-

153 622 250 686 Hirtii
273 622 425 701 sensum’,
452 621 528 686 ibid.
552 621 610 686 XV
631 626 649 685 7
672 621 774 686 ‘valde
797 621 875 685 mihi
897 621 1048 704 placebat
1070 642 1182 685 sensus
1206 622 1275 715 eius

152 733 192 798 de
212 754 248 798 re
267 733 424 816 publica’3
448 734 490 798 ad
512 734 586 798 lam.
609 734 625 799 1
646 741 675 813 8,
699 739 716 798 2
740 733 880 798 ‘difficile
903 741 952 797 est
974 755 1102 798 sensum
1124 735 1157 796 iu
1180 754 1275 816 repu-

152 844 238 910 blica
259 845 452 929 praesertim
483 851 609 911 rectum
639 852 672 911 et
701 845 923 910 confirmatum
945 845 1133 929 deponere'3
1159 844 1236 909 ibid.
1260 846 1276 909 I

152 963 180 1035 9,
206 961 244 1021 13
281 963 373 1021 ‘unus
399 955 467 1021 fere
497 978 610 1038 sensus
641 957 704 1022 fuit
729 957 887 1022 bonorum
913 957 1072 1021 omnium’.
1091 995 1135 1005 —
1156 958 1276 1021 Sensus

150 1068 212 1134 hoo
233 1068 304 1133 loco
319 1069 422 1148 Bruti,
445 1089 540 1151 quem
563 1090 661 1153 supra
675 1069 806 1152 protuli,
829 1074 862 1134 et
885 1070 1046 1134 Ciceronis
1063 1069 1172 1134 multis
1194 1069 1276 1133 locis

151 1185 200 1245 est
221 1200 281 1244 vox
299 1179 446 1263 politica,
468 1202 551 1263 quae
573 1181 607 1245 in
622 1181 823 1246 sermonibus
839 1202 959 1260 eorum,
982 1182 1037 1265 qui
1057 1182 1091 1245 in
1108 1181 1277 1265 republica

149 1297 259 1376 partes
282 1296 424 1374 egerunt,
446 1291 640 1375 percrebuit.
685 1292 878 1377 Saepissime
899 1293 953 1358 hic
975 1314 1052 1358 usus
1073 1294 1106 1357 in
1128 1293 1276 1376 epistulis

149 1404 277 1469 obviam
306 1402 352 1468 fit.
401 1404 503 1482 Quem
541 1409 649 1469 autem
680 1405 717 1469 ‘a'
747 1405 996 1489 praepositionis
1032 1427 1125 1470 usum
1158 1406 1275 1469 mirum

152 1515 238 1600 apud
261 1516 395 1580 Brutum
418 1516 569 1599 legimus:
600 1522 630 1581 ‘a
659 1523 747 1582 certo
778 1538 874 1582 sensu
905 1522 938 1581 et
959 1537 1034 1581 vero
1056 1515 1208 1581 iudicare'
1232 1540 1277 1571 =-·

151 1648 213 1692 von
235 1628 337 1693 einem
366 1628 494 1693 siohern
524 1628 590 1693 und
619 1628 778 1712 richtigen
811 1627 1120 1712 Parteistandpunkt
1141 1649 1200 1693 aus
1221 1650 1276 1693 ur-

151 1739 270 1804 teilen?
314 1740 615 1823 Parvulgatissimus
639 1746 689 1806 est
713 1761 833 1806 sermo:
863 1719 1015 1818 ‘iudicare
1038 1761 1077 1804 ex
1099 1740 1208 1823 aliqua
1229 1741 1275 1804 re’

152 1857 185 1916 et
206 1852 292 1935 apud
313 1852 450 1917 comicos
482 1853 533 1937 [ut
554 1873 604 1936 ap.
634 1853 705 1917 Ter.
734 1852 815 1917 Eun.
836 1853 852 1917 I
875 1857 893 1915 2
920 1858 979 1917 117
1003 1859 1111 1935 ‘atque
1134 1873 1173 1917 ex
1196 1852 1275 1916 alia-

150 1985 222 2028 rum
243 1964 379 2046 ingeniis
401 1985 486 2029 nunc
512 1984 564 2027 me
594 1963 740 2044 iudicet'3
771 1964 886 2029 Heaut.
909 1964 937 2029 V
962 1970 989 2043 l,
1011 1970 1028 2026 7
1050 1964 1131 2029 ‘illos
1154 1984 1193 2028 ex
1216 1970 1275 2029 tuo

151 2075 278 2156 ingenio
299 2073 439 2156 iudicas3
468 2097 518 2160 ap.
547 2076 667 2160 Turpil.
692 2081 730 2141 19
753 2074 845 2158 lrgm.
869 2075 961 2140 Ribb.
982 2076 1014 2140 11
1043 2082 1136 2140 ‘nune
1158 2097 1209 2140 me
1233 2096 1274 2140 ex

151 2186 287 2250 aliorum
308 2187 444 2270 ingeniis
466 2186 612 2272 iudicat’]
641 2193 674 2253 et
699 2187 786 2271 apud
807 2187 994 2254 Ciceronem
1025 2189 1086 2273 [pr.
1109 2187 1200 2252 Caec.
1224 2193 1275 2267 23,

151 2303 191 2365 65
215 2304 265 2363 ‘ex
288 2317 391 2381 aequo
412 2305 444 2364 et
465 2300 550 2365 bono
572 2300 643 2364 iure
665 2321 734 2364 rem
750 2300 856 2364 indic?
877 2301 918 2365 de
939 2299 1031 2383 leg.l
1056 2306 1103 2379 16,
1126 2306 1165 2367 45
1190 2307 1276 2384 ‘pru-

152 2410 280 2475 dentem
302 2433 366 2476 non
388 2432 427 2476 ex
448 2412 550 2496 ipsius
566 2410 690 2491 habitu,
712 2412 769 2476 sed
790 2412 955 2495 exaliqua
976 2433 1012 2476 re
1030 2419 1164 2477 externa
1178 2413 1276 2498 iud.];

151 2528 323 2606 praeterea
361 2529 393 2589 et
422 2525 487 2588 iam
517 2522 604 2608 apud
632 2524 816 2588 Terentium
848 2524 1048 2610 [Adelph-V
1073 2531 1142 2604 e,4
1171 2525 1276 2589 ‘hodie

150 2634 290 2700 iudicavi
311 2635 417 2700 animo
443 2636 539 2720 meo’]
569 2640 602 2700 et
632 2635 717 2718 apud
742 2635 927 2701 Ciceronem
957 2635 1232 2722 [adfam.1114‚
1258 2642 1273 2701 1

152 2747 270 2812 ‘multis
290 2751 493 2831 argumentis
514 2748 608 2829 iud.';
631 2748 670 2814 de
693 2746 745 2812 off.
767 2748 862 2827 1122,
886 2754 926 2814 79
949 2748 1101 2832 ‘pondere
1120 2746 1212 2829 iud.’;
1236 2748 1277 2813 de

152 2859 221 2923 niv.
245 2859 348 2940 1143,
371 2867 408 2927 91
434 2867 539 2926 ‘sensu
557 2859 723 2925 oculorum
737 2860 827 2945 iud.’]
850 2866 972 2925 exstat:
995 2861 1149 2926 ‘iudicare
1166 2861 1277 2943 aliqua

151 2970 205 3035 re’.
250 2973 294 3035 At
314 2970 467 3037 ‘iudicare
490 2971 658 3055 abaliquo
678 2973 732 3051 re’,
758 2971 845 3055 quod
867 2972 929 3036 hoc
950 2972 1021 3037 loco
1037 2973 1173 3037 Brutino
1194 2972 1276 3055 legi-

152 3105 231 3162 mus,
254 3084 302 3148 sui
327 3083 429 3148 simile
444 3105 508 3149 non
524 3084 632 3149 habet.
676 3083 812 3149 Omnino
834 3084 908 3149 tud.
932 3083 1100 3167 abaliquo
1123 3084 1167 3148 re'
1190 3085 1277 3148 idem

152 3199 250 3278 atque
276 3195 349 3259 iud.
372 3215 411 3259 ex
434 3195 543 3279 aliqua
565 3217 600 3261 re
622 3197 672 3261 vel
695 3195 805 3280 aliqua
832 3196 877 3262 re’
907 3216 972 3260 non
1000 3197 1102 3277 valet,
1133 3201 1277 3261 transtu·

151 3305 244 3371 lerim
272 3306 353 3371 illud
389 3308 535 3372 ‘urteilen
564 3329 635 3373 vom
664 3307 888 3392 Standpunkte
926 3309 1010 3389 aus',
1038 3308 1100 3372 hoe
1129 3308 1277 3373 ‘urteilen

152 3418 296 3502 gem'ass’.
347 3418 498 3484 Fortasse
535 3420 569 3483 in
599 3420 662 3486 hoc
700 3419 868 3485 scribendo
905 3420 1025 3484 Brutus
1060 3425 1135 3484 ante
1166 3420 1278 3485 oculos

151 3530 267 3595 habuit
287 3531 480 3610 locutiones,
511 3536 548 3596 ut
576 3537 655 3597 ‘esse
682 3553 718 3610 a,
748 3531 857 3597 facere
880 3553 916 3610 a,
946 3537 1033 3596 stare
1061 3532 1099 3610 a’,
1130 3553 1213 3616 quae
1243 3533 1278 3597 in

151 3641 248 3707 rebus
270 3642 409 3726 publicis
432 3642 474 3707 ad
494 3649 605 3726 partes
628 3643 855 3726 significandas
876 3642 1080 3709 adhibentur.
1124 3645 1277 3708 Attamen

152 3752 233 3818 haec
251 3755 371 3819 locutio
402 3753 443 3818 ab
472 3755 658 3820 urbanitate
684 3755 859 3821 abhorrere
887 3760 920 3820 et
952 3776 1119 3820 emanasse
1148 3777 1187 3820 ex
1210 3777 1278 3820 ser·

152 3885 245 3929 mone
270 3866 446 3931 cottidiano
469 3866 614 3946 videtur,
644 3867 699 3950 qui
720 3867 855 3951 phrases
884 3868 968 3932 iuter
997 3888 1031 3932 se
1058 3869 1192 3932 miscere
1226 3889 1278 3932 so·

152 3977 213 4058 let,
236 3998 341 4060 noque
360 3999 493 4062 prorsus
515 3979 644 4062 quidem
665 3999 685 4042 a
710 3977 922 4062 scriptoribus
948 3979 1001 4043 hic
1021 4001 1098 4044 usus
1122 3980 1160 4043 ‘a'
1183 4001 1278 4063 prae-

152 4089 321 4171 positionis
343 4090 467 4155 alienus
489 4096 554 4171 est3
577 4090 724 4155 similiter
745 4090 813 4155 lere
835 4092 990 4175 scriptum
1013 4097 1062 4155 est
1083 4092 1116 4155 in
1138 4092 1279 4175 epistula

153 4199 264 4272 Balbi:
288 4201 330 4272 ad
353 4204 420 4272 Au.
440 4203 486 4271 IX
503 4209 530 4285 7,
554 4203 579 4265 B
602 4208 619 4266 3
643 4202 710 4269 ‘sed
729 4203 808 4268 illud
832 4208 919 4268 certe
942 4204 1007 4268 scio
1031 4224 1081 4267 me
1104 4204 1145 4267 ab
1169 4205 1273 4287 singu-
